3359 5117
769 378 988 444 ..10-

289 585 424 646 tractae
448 583 531 646 sunt
555 600 598 643 ex
621 575 884 643 accuratissimo
908 581 1081 664 apparatu
1105 575 1272 642 editionis
1296 576 1460 646 Ritsehe·

289 687 405 753 lianae
429 685 618 774 assumptis
635 683 761 750 Goetzi
776 684 898 750 Loewi
918 683 1071 750 Schoelli
1094 684 1209 772 operis
1233 685 1460 769 contectae.*)

396 795 480 861 Jam
510 794 623 881 ipsam
656 791 898 877 quaestionem
928 790 1154 858 introeamus.
1201 790 1319 878 Atque
1352 815 1395 858 ex
1422 817 1460 859 re

289 903 404 970 visum
439 907 503 986 est,
536 909 575 968 ut
605 900 648 966 ab
683 899 816 988 apertis
851 900 896 965 ad
930 899 1129 965 difficiliora
1161 900 1461 987 progrederemur,

288 1010 440 1099 primum
464 1007 586 1097 paucis
613 1029 720 1094 agere

459 1276 484 1345 l.
531 1277 581 1346 [le
606 1278 758 1363 copulae
782 1286 834 1343 ost
855 1283 940 1364 post
963 1277 1126 1346 vocalem
1150 1277 1294 1362 positae

769 1385 975 1472 aphaeresl.

395 1530 528 1619 Copula
561 1538 610 1597 est
642 1554 662 1597 a
697 1531 812 1620 poetis
847 1530 1017 1597 Romanis
1053 1552 1132 1596 cum
1167 1530 1284 1595 vocali
1319 1528 1460 1615 quidem

287 1638 520 1706 antecedente
544 1639 705 1706 omnibus
729 1639 945 1726 temporibus
975 1639 1014 1703 in
1049 1659 1155 1703 unam
1178 1637 1350 1724 syllabam
1382 1659 1459 1702 con-

288 1746 504 1814 trahebatur.
536 1747 658 1833 Neque
675 1746 741 1813 hoc
757 1747 796 1812 in
812 1746 895 1812 solis
912 1753 1096 1834 poetarum
1113 1745 1273 1811 versibus
1289 1746 1460 1811 usitatum

288 1861 373 1938 erat,
396 1855 457 1921 sed
482 1878 525 1921 ex
548 1877 707 1921 sermone
730 1854 926 1922 cottidiano
948 1853 986 1919 id
1002 1854 1212 1919 translatum
1229 1875 1304 1917 esse
1320 1859 1459 1939 praeter

286 1964 596 2049 grammaticorum
620 1962 714 2029 dicta
750 1985 792 2028 ex
822 1961 1112 2049 inscriptionibus
1146 1961 1320 2027 cernitur:
1352 1982 1381 2027 e.
1407 1981 1458 2046 gr.

286 2078 353 2136 -ost
369 2093 432 2159 pro
448 2092 483 2137 ·a
499 2077 547 2136 est
570 2070 739 2159 scriptum
754 2070 905 2156 legimus
922 2069 974 2135 CJ
980 2070 1006 2134 L
1023 2070 1040 2133 I
1058 2070 1094 2151 73
1123 2069 1224 2153 1012,
1255 2068 1337 2131 1419
1362 2068 1459 2151 (bis);

285 2177 380 2245 alibi.
427 2179 469 2245 Iu
493 2179 730 2245 monumentis
764 2185 882 2244 autem
918 2176 1069 2265 publicis
1098 2186 1146 2243 est
1180 2198 1316 2264 semper
1349 2198 1459 2262 usque

284 2286 330 2352 ad
360 2286 514 2374 Augusti
547 2286 785 2376 principatum
816 2286 978 2352 omnibus
1013 2286 1144 2352 litteris
1180 2285 1350 2373 scriptum
1384 2306 1459 2349 esse

284 2393 428 2461 Carolus
454 2394 656 2461 Lachmann
681 2393 726 2460 ad
741 2393 887 2460 Lucreti
910 2393 969 2459 lib.
997 2393 1094 2458 1993
1118 2393 1313 2460 adnotavit.
1360 2391 1458 2457 Idem

283 2502 376 2588 quod
401 2525 444 2568 ex
467 2501 756 2590 inscriptionibus
781 2501 852 2566 illis
870 2508 1017 2590 apparet
1037 2524 1080 2566 ex
1096 2501 1274 2567 Ciceronis
1292 2500 1456 2567 aliorum·

174 2687 183 2698 ,
283 2631 349 2695 que
375 2610 586 2698 scriptorum
621 2610 809 2694 codicibus,
841 2609 878 2675 in
908 2610 1033 2696 quibus
1066 2610 1239 2696 scriptura
1275 2615 1457 2675 contracta

282 2715 377 2782 haud
401 2717 453 2783 ita
476 2739 555 2783 rara
580 2740 656 2783 esse
681 2716 830 2784 videtur.
879 2716 986 2783 Cuius
1010 2717 1206 2806 scripturae
1231 2718 1389 2804 exempla
1414 2739 1457 2782 ex
1577 2743 1580 2749 ¹

281 2824 521 2912 palimpsestis
544 2825 645 2892 libris
662 2825 902 2893 Ciceronianis
927 2826 1073 2912 collegit
1097 2825 1294 2891 Guilelmus
1315 2824 1457 2891 Freund

280 2933 401 3017 libelli,
428 2931 488 3018 qui
511 2932 726 3019 inscribitur,
750 2933 805 2999 Ad
827 2937 1014 3000 orationem
1037 2954 1104 3019 pro
1129 2933 1255 2998 Milone
1286 2938 1349 3000 etc.
1375 2954 1454 3019 pag.

284 3040 327 3105 19
349 3064 399 3128 sq.
447 3041 529 3107 Alia
561 3064 603 3107 ex
634 3041 812 3108 Ciceronis
837 3041 978 3129 scriptis
1003 3040 1202 3106 Friderious
1232 3039 1351 3106 Osann
1388 3040 1454 3124 (ed.

281 3148 351 3216 Cic.
369 3171 441 3238 rep.
459 3172 591 3217 excurs.
605 3150 725 3231 XVII)
743 3157 778 3215 et
791 3149 973 3217 Madvicus
998 3149 1066 3233 (ed.
1084 3150 1154 3218 Cic.
1173 3149 1217 3216 de
1234 3149 1357 3216 officiis
1373 3172 1453 3238 pag.

281 3254 359 3339 444)
372 3259 608 3325 contulerunt.
634 3258 801 3326 Codicum
820 3260 971 3346 denique
984 3259 1270 3346 Vergilianorum
1285 3260 1454 3326 lectiones

281 3365 496 3454 compositae
520 3372 602 3432 sunt
625 3388 646 3432 a
670 3365 897 3432 Woldemaro
914 3367 1075 3433 Ribbeck
1099 3368 1247 3453 (Proleg.
1266 3390 1344 3455 pag.
1363 3367 1452 3450 419).

387 3472 419 3540 Α
443 3473 659 3562 synaloepha
685 3473 835 3560 quidem,
861 3497 950 3561 quae
975 3475 1114 3560 dicitur,
1137 3474 1225 3541 haec
1241 3497 1297 3540 res
1315 3474 1453 3542 diversa

281 3587 351 3663 est;
385 3603 467 3648 nam
502 3604 582 3648 curn
614 3582 652 3649 vi
687 3581 924 3670 synaloephae
960 3582 1054 3670 prior
1086 3584 1260 3651 vocalium
1294 3584 1451 3660 eiciatur,

279 3694 403 3755 contra
438 3687 506 3756 hac
541 3689 747 3756 condicione
782 3690 881 3778 prins
921 3711 1050 3756 nomen
1084 3691 1259 3758 intactum
1298 3715 1450 3777 manere,

279 3796 425 3883 copulae
449 3798 607 3863 vocalem
627 3797 799 3863 cextrudi
823 3798 982 3865 codicum
1005 3799 1232 3887 lapidumque
1257 3800 1452 3889 scripturae

278 3902 475 3971 certissime
499 3905 635 3973 docent.
683 3906 872 3973 Contracte
897 3907 989 3972 enim
1014 3908 1049 3972 in
1068 3907 1168 3973 libris
1193 3908 1334 3993 quidem
1349 3909 1452 3974 Plau·

217 4012 221 4020 '
278 4010 365 4077 tinia
399 4032 536 4099 semper
571 4015 697 4080 dictast
731 4016 860 4081 homost
891 4014 1054 4081 similiter
1087 4015 1257 4103 scriptum
1292 4017 1452 4103 legimus

278 4140 349 4185 non
366 4119 504 4186 *dictast
527 4121 681 4189 *tameat
729 4122 768 4188 Si
791 4130 910 4190 tamen
933 4124 971 4189 in
991 4124 1090 4191 libris
1106 4125 1281 4191 Plautinis
1297 4125 1354 4191 hic
1378 4126 1452 4191 illic

384 4262 412 4334 *l
435 4264 572 4322 Versuum
599 4267 709 4323 numeri
737 4267 773 4322 ad
802 4268 971 4324 habiliorem
997 4269 1104 4325 Leonis
1131 4270 1285 4325 editionem
1311 4273 1450 4343 spectant.
