<?xml version="1.0" encoding="UTF-8"?>
<!DOCTYPE html PUBLIC "-//W3C//DTD XHTML 1.0 Transitional//EN"
    "http://www.w3.org/TR/xhtml1/DTD/xhtml1-transitional.dtd">
<html xmlns="http://www.w3.org/1999/xhtml" xml:lang="en" lang="en">
 <head>
  <title>
</title>
<meta http-equiv="Content-Type" content="text/html;charset=utf-8" />
  <meta name='ocr-system' content='tesseract 3.04.00' />
  <meta name='ocr-capabilities' content='ocr_page ocr_carea ocr_par ocr_line ocrx_word'/>
</head>
<body>
  <div class='ocr_page' id='page_1' title='image "./decopulaeestaph00bringoog_0055.png"; bbox 0 0 3359 5117; ppageno 0'>
   <div class='ocr_carea' id='block_1_1' title="bbox 615 433 947 521">
    <p class='ocr_par' dir='ltr' id='par_1_1' title="bbox 615 433 947 521">
     <span class='ocr_line' id='line_1_1' title="bbox 615 433 947 521; baseline 0.006 -2"><span class='ocrx_word' id='word_1_1' title='bbox 615 433 947 521; x_wconf 45' lang='lat' dir='ltr'>&#39;uit-s</span> 
     </span>
    </p>
   </div>
   <div class='ocr_carea' id='block_1_2' title="bbox 247 649 1427 3743">
    <p class='ocr_par' dir='ltr' id='par_1_2' title="bbox 250 649 1427 957">
     <span class='ocr_line' id='line_1_2' title="bbox 251 649 1427 742; baseline 0.001 -22"><span class='ocrx_word' id='word_1_2' title='bbox 251 668 304 721; x_wconf 81' lang='lat' dir='ltr'>eoo</span> <span class='ocrx_word' id='word_1_3' title='bbox 327 676 416 721; x_wconf 77' lang='lat' dir='ltr'>uano</span> <span class='ocrx_word' id='word_1_4' title='bbox 441 649 591 721; x_wconf 72' lang='lat' dir='ltr'>homiues</span> <span class='ocrx_word' id='word_1_5' title='bbox 612 662 733 736; x_wconf 80' lang='lat' dir='ltr'>metuo,</span> <span class='ocrx_word' id='word_1_6' title='bbox 756 657 844 722; x_wconf 78' lang='lat' dir='ltr'>milri</span> <span class='ocrx_word' id='word_1_7' title='bbox 857 677 899 721; x_wconf 83' lang='lat' dir='ltr'>ne</span> <span class='ocrx_word' id='word_1_8' title='bbox 914 657 1025 721; x_wconf 79' lang='lat' dir='ltr'>oteiut</span> <span class='ocrx_word' id='word_1_9' title='bbox 1040 676 1121 721; x_wconf 83' lang='lat' dir='ltr'>neve</span> <span class='ocrx_word' id='word_1_10' title='bbox 1135 663 1266 742; x_wconf 71' lang='lat' dir='ltr'>opstent</span> <span class='ocrx_word' id='word_1_11' title='bbox 1281 653 1427 742; x_wconf 70' lang='lat' dir='ltr'>uspiam,</span> 
     </span>
     <span class='ocr_line' id='line_1_3' title="bbox 250 763 1424 850; baseline 0.003 -23"><span class='ocrx_word' id='word_1_12' title='bbox 250 764 346 828; x_wconf 80' lang='lat' dir='ltr'>dorno</span> <span class='ocrx_word' id='word_1_13' title='bbox 380 764 412 828; x_wconf 76' lang='lat' dir='ltr'>ei</span> <span class='ocrx_word' id='word_1_14' title='bbox 445 764 540 847; x_wconf 83' lang='lat' dir='ltr'>bitot,</span> <span class='ocrx_word' id='word_1_15' title='bbox 580 763 662 828; x_wconf 84' lang='lat' dir='ltr'>dum</span> <span class='ocrx_word' id='word_1_16' title='bbox 691 764 755 830; x_wconf 79' lang='lat' dir='ltr'>tuo</span> <span class='ocrx_word' id='word_1_17' title='bbox 793 764 983 848; x_wconf 62' lang='lat' dir='ltr'>tremoledo,</span> <span class='ocrx_word' id='word_1_18' title='bbox 1022 783 1106 848; x_wconf 81' lang='lat' dir='ltr'>qaae</span> <span class='ocrx_word' id='word_1_19' title='bbox 1145 764 1247 829; x_wconf 75' lang='lat' dir='ltr'>taius</span> <span class='ocrx_word' id='word_1_20' title='bbox 1285 766 1424 850; x_wconf 77' lang='lat' dir='ltr'>capione</span> 
     </span>
     <span class='ocr_line' id='line_1_4' title="bbox 1249 873 1424 957; baseline 0 -20"><span class='ocrx_word' id='word_1_21' title='bbox 1249 873 1424 957; x_wconf 78' lang='lat' dir='ltr'>eorporiet.</span> 
     </span>
    </p>

    <p class='ocr_par' dir='ltr' id='par_1_3' title="bbox 247 976 1426 1807">
     <span class='ocr_line' id='line_1_5' title="bbox 355 976 1424 1064; baseline 0.002 -21"><span class='ocrx_word' id='word_1_22' title='bbox 355 977 457 1044; x_wconf 86' lang='lat' dir='ltr'>Prior</span> <span class='ocrx_word' id='word_1_23' title='bbox 480 999 603 1044; x_wconf 85' lang='lat' dir='ltr'>versus</span> <span class='ocrx_word' id='word_1_24' title='bbox 626 998 707 1064; x_wconf 85' lang='lat' dir='ltr'>para</span> <span class='ocrx_word' id='word_1_25' title='bbox 743 976 794 1042; x_wconf 84' lang='lat' dir='ltr'>sio</span> <span class='ocrx_word' id='word_1_26' title='bbox 825 976 959 1043; x_wconf 84' lang='lat' dir='ltr'>tradita</span> <span class='ocrx_word' id='word_1_27' title='bbox 983 986 1055 1042; x_wconf 85' lang='lat' dir='ltr'>eet:</span> <span class='ocrx_word' id='word_1_28' title='bbox 1092 979 1268 1045; x_wconf 80' lang='lat' dir='ltr'>domoeibit</span> <span class='ocrx_word' id='word_1_29' title='bbox 1290 978 1424 1058; x_wconf 67' lang='lat' dir='ltr'>(mue</span> 
     </span>
     <span class='ocr_line' id='line_1_6' title="bbox 250 1083 1425 1171; baseline 0.002 -20"><span class='ocrx_word' id='word_1_30' title='bbox 250 1087 314 1151; x_wconf 82' lang='lat' dir='ltr'>ibit</span> <span class='ocrx_word' id='word_1_31' title='bbox 329 1089 368 1167; x_wconf 79' lang='lat' dir='ltr'>C)</span> <span class='ocrx_word' id='word_1_32' title='bbox 392 1107 433 1152; x_wconf 88' lang='lat' dir='ltr'>oo</span> <span class='ocrx_word' id='word_1_33' title='bbox 457 1085 539 1150; x_wconf 79' lang='lat' dir='ltr'>dam</span> <span class='ocrx_word' id='word_1_34' title='bbox 556 1086 795 1151; x_wconf 76' lang='lat' dir='ltr'>tuotroueiuit</span> <span class='ocrx_word' id='word_1_35' title='bbox 809 1086 919 1170; x_wconf 78' lang='lat' dir='ltr'>adque</span> <span class='ocrx_word' id='word_1_36' title='bbox 942 1084 1025 1170; x_wconf 79' lang='lat' dir='ltr'>(atq,</span> <span class='ocrx_word' id='word_1_37' title='bbox 1049 1083 1087 1168; x_wconf 85' lang='lat' dir='ltr'>B,</span> <span class='ocrx_word' id='word_1_38' title='bbox 1111 1086 1178 1170; x_wconf 80' lang='lat' dir='ltr'>otq&#39;</span> <span class='ocrx_word' id='word_1_39' title='bbox 1195 1084 1237 1166; x_wconf 86' lang='lat' dir='ltr'>D,</span> <span class='ocrx_word' id='word_1_40' title='bbox 1261 1085 1425 1171; x_wconf 74' lang='lat' dir='ltr'>olqueO).</span> 
     </span>
     <span class='ocr_line' id='line_1_7' title="bbox 250 1191 1424 1279; baseline 0.001 -22"><span class='ocrx_word' id='word_1_41' title='bbox 250 1191 302 1258; x_wconf 88' lang='lat' dir='ltr'>Ne</span> <span class='ocrx_word' id='word_1_42' title='bbox 347 1192 386 1257; x_wconf 89' lang='lat' dir='ltr'>in</span> <span class='ocrx_word' id='word_1_43' title='bbox 432 1191 509 1279; x_wconf 85' lang='lat' dir='ltr'>ipso</span> <span class='ocrx_word' id='word_1_44' title='bbox 556 1191 697 1276; x_wconf 90' lang='lat' dir='ltr'>quidem</span> <span class='ocrx_word' id='word_1_45' title='bbox 745 1197 924 1279; x_wconf 89' lang='lat' dir='ltr'>postremo</span> <span class='ocrx_word' id='word_1_46' title='bbox 970 1213 1093 1257; x_wconf 83' lang='lat' dir='ltr'>versuo</span> <span class='ocrx_word' id='word_1_47' title='bbox 1138 1191 1245 1259; x_wconf 87' lang='lat' dir='ltr'>verbo</span> <span class='ocrx_word' id='word_1_48' title='bbox 1286 1192 1424 1260; x_wconf 83' lang='lat' dir='ltr'>oodioea</span> 
     </span>
     <span class='ocr_line' id='line_1_8' title="bbox 249 1297 1422 1385; baseline 0.003 -21"><span class='ocrx_word' id='word_1_49' title='bbox 249 1307 464 1385; x_wconf 80' lang='lat' dir='ltr'>congruont3</span> <span class='ocrx_word' id='word_1_50' title='bbox 489 1303 587 1363; x_wconf 83' lang='lat' dir='ltr'>extat</span> <span class='ocrx_word' id='word_1_51' title='bbox 611 1298 704 1363; x_wconf 90' lang='lat' dir='ltr'>enim</span> <span class='ocrx_word' id='word_1_52' title='bbox 729 1299 864 1385; x_wconf 77' lang='lat' dir='ltr'><em>corpori</em></span> <span class='ocrx_word' id='word_1_53' title='bbox 885 1306 916 1364; x_wconf 79' lang='lat' dir='ltr'>et</span> <span class='ocrx_word' id='word_1_54' title='bbox 939 1297 977 1364; x_wconf 86' lang='lat' dir='ltr'>in</span> <span class='ocrx_word' id='word_1_55' title='bbox 990 1297 1030 1376; x_wconf 90' lang='lat' dir='ltr'>B,</span> <span class='ocrx_word' id='word_1_56' title='bbox 1054 1301 1205 1385; x_wconf 82' lang='lat' dir='ltr'>corporis</span> <span class='ocrx_word' id='word_1_57' title='bbox 1229 1309 1277 1367; x_wconf 83' lang='lat' dir='ltr'>eet</span> <span class='ocrx_word' id='word_1_58' title='bbox 1299 1300 1336 1365; x_wconf 89' lang='lat' dir='ltr'>in</span> <span class='ocrx_word' id='word_1_59' title='bbox 1350 1300 1422 1367; x_wconf 83' lang='lat' dir='ltr'>OD.</span> 
     </span>
     <span class='ocr_line' id='line_1_9' title="bbox 251 1404 1423 1494; baseline 0.004 -24"><span class='ocrx_word' id='word_1_60' title='bbox 251 1405 346 1471; x_wconf 81' lang='lat' dir='ltr'>Satio</span> <span class='ocrx_word' id='word_1_61' title='bbox 396 1407 535 1472; x_wconf 85' lang='lat' dir='ltr'>ineerta</span> <span class='ocrx_word' id='word_1_62' title='bbox 588 1404 699 1490; x_wconf 87' lang='lat' dir='ltr'>igitur</span> <span class='ocrx_word' id='word_1_63' title='bbox 749 1404 836 1470; x_wconf 88' lang='lat' dir='ltr'>haoo</span> <span class='ocrx_word' id='word_1_64' title='bbox 883 1427 1020 1491; x_wconf 88' lang='lat' dir='ltr'>quoque</span> <span class='ocrx_word' id='word_1_65' title='bbox 1069 1404 1175 1471; x_wconf 83' lang='lat' dir='ltr'>lectio</span> <span class='ocrx_word' id='word_1_66' title='bbox 1223 1413 1296 1490; x_wconf 86' lang='lat' dir='ltr'>eet;</span> <span class='ocrx_word' id='word_1_67' title='bbox 1355 1430 1423 1494; x_wconf 90' lang='lat' dir='ltr'>quo</span> 
     </span>
     <span class='ocr_line' id='line_1_10' title="bbox 251 1512 1426 1599; baseline 0.003 -21"><span class='ocrx_word' id='word_1_68' title='bbox 251 1513 366 1599; x_wconf 83' lang='lat' dir='ltr'>magio</span> <span class='ocrx_word' id='word_1_69' title='bbox 400 1522 449 1580; x_wconf 82' lang='lat' dir='ltr'>eet</span> <span class='ocrx_word' id='word_1_70' title='bbox 482 1512 519 1577; x_wconf 87' lang='lat' dir='ltr'>iu</span> <span class='ocrx_word' id='word_1_71' title='bbox 555 1534 677 1577; x_wconf 81' lang='lat' dir='ltr'>versuo</span> <span class='ocrx_word' id='word_1_72' title='bbox 709 1512 815 1577; x_wconf 90' lang='lat' dir='ltr'>finem</span> <span class='ocrx_word' id='word_1_73' title='bbox 849 1534 958 1598; x_wconf 84' lang='lat' dir='ltr'>prave</span> <span class='ocrx_word' id='word_1_74' title='bbox 992 1512 1244 1599; x_wconf 83' lang='lat' dir='ltr'>transpositum</span> <span class='ocrx_word' id='word_1_75' title='bbox 1280 1536 1355 1581; x_wconf 81' lang='lat' dir='ltr'>esee</span> <span class='ocrx_word' id='word_1_76' title='bbox 1388 1525 1426 1581; x_wconf 88' lang='lat' dir='ltr'>et</span> 
     </span>
     <span class='ocr_line' id='line_1_11' title="bbox 247 1620 1424 1709; baseline 0.003 -24"><span class='ocrx_word' id='word_1_77' title='bbox 247 1620 412 1687; x_wconf 89' lang='lat' dir='ltr'>Plautum</span> <span class='ocrx_word' id='word_1_78' title='bbox 446 1620 562 1709; x_wconf 81' lang='lat' dir='ltr'>ipsum</span> <span class='ocrx_word' id='word_1_79' title='bbox 597 1641 681 1706; x_wconf 79' lang='lat' dir='ltr'>quoe</span> <span class='ocrx_word' id='word_1_80' title='bbox 720 1622 835 1686; x_wconf 80' lang='lat' dir='ltr'>tuiuet</span> <span class='ocrx_word' id='word_1_81' title='bbox 875 1623 1015 1707; x_wconf 77' lang='lat' dir='ltr'>cepione</span> <span class='ocrx_word' id='word_1_82' title='bbox 1053 1624 1204 1708; x_wconf 78' lang='lat' dir='ltr'>corporis</span> <span class='ocrx_word' id='word_1_83' title='bbox 1242 1622 1424 1709; x_wconf 81' lang='lat' dir='ltr'>aoripsisee</span> 
     </span>
     <span class='ocr_line' id='line_1_12' title="bbox 250 1714 1421 1807; baseline 0.001 -13"><span class='ocrx_word' id='word_1_84' title='bbox 250 1727 393 1795; x_wconf 82' lang='lat' dir='ltr'>eredere</span> <span class='ocrx_word' id='word_1_85' title='bbox 415 1728 590 1807; x_wconf 84' lang='lat' dir='ltr'>lioebit.*)</span> <span class='ocrx_word' id='word_1_86' title='bbox 1413 1714 1421 1727; x_wconf 46' lang='lat'>⁸</span> 
     </span>
    </p>

    <p class='ocr_par' dir='ltr' id='par_1_4' title="bbox 250 1833 1423 2027">
     <span class='ocr_line' id='line_1_13' title="bbox 356 1833 1423 1923; baseline 0.006 -24"><span class='ocrx_word' id='word_1_87' title='bbox 356 1835 461 1900; x_wconf 85' lang='lat' dir='ltr'>Mero.</span> <span class='ocrx_word' id='word_1_88' title='bbox 485 1833 571 1900; x_wconf 75' lang='lat'><strong>672:</strong></span> <span class='ocrx_word' id='word_1_89' title='bbox 598 1856 686 1901; x_wconf 83' lang='lat' dir='ltr'>anus</span> <span class='ocrx_word' id='word_1_90' title='bbox 710 1834 838 1901; x_wconf 83' lang='lat' dir='ltr'>aneilla</span> <span class='ocrx_word' id='word_1_91' title='bbox 863 1834 963 1902; x_wconf 85' lang='lat' dir='ltr'>tarde</span> <span class='ocrx_word' id='word_1_92' title='bbox 988 1833 1166 1901; x_wconf 86' lang='lat' dir='ltr'>dominam</span> <span class='ocrx_word' id='word_1_93' title='bbox 1189 1844 1319 1923; x_wconf 65' lang='lat' dir='ltr'>seeum,</span> <span class='ocrx_word' id='word_1_94' title='bbox 1344 1860 1423 1905; x_wconf 88' lang='lat' dir='ltr'>oum</span> 
     </span>
     <span class='ocr_line' id='line_1_14' title="bbox 250 1941 942 2027; baseline -0.001 -19"><span class='ocrx_word' id='word_1_95' title='bbox 250 1942 398 2009; x_wconf 78' lang='lat' dir='ltr'>celerius</span> <span class='ocrx_word' id='word_1_96' title='bbox 420 1942 474 2008; x_wconf 87' lang='lat' dir='ltr'>ire</span> <span class='ocrx_word' id='word_1_97' title='bbox 497 1942 593 2008; x_wconf 81' lang='lat' dir='ltr'>iussa</span> <span class='ocrx_word' id='word_1_98' title='bbox 616 1943 673 2027; x_wconf 84' lang='lat' dir='ltr'>sit,</span> <span class='ocrx_word' id='word_1_99' title='bbox 697 1964 735 2009; x_wconf 85' lang='lat' dir='ltr'>ee</span> <span class='ocrx_word' id='word_1_100' title='bbox 760 1941 942 2008; x_wconf 69' lang='lat' dir='ltr'>defendit:</span> 
     </span>
    </p>

    <p class='ocr_par' dir='ltr' id='par_1_5' title="bbox 248 2051 1424 2996">
     <span class='ocr_line' id='line_1_15' title="bbox 356 2051 1307 2137; baseline 0.004 -22"><span class='ocrx_word' id='word_1_101' title='bbox 356 2051 490 2136; x_wconf 78' lang='lat' dir='ltr'>Nequeo</span> <span class='ocrx_word' id='word_1_102' title='bbox 512 2059 695 2117; x_wconf 81' lang='lat' dir='ltr'>mecoetor:</span> <span class='ocrx_word' id='word_1_103' title='bbox 718 2059 849 2118; x_wconf 82' lang='lat' dir='ltr'>tontum</span> <span class='ocrx_word' id='word_1_104' title='bbox 872 2052 932 2117; x_wconf 79' lang='lat' dir='ltr'>hoo</span> <span class='ocrx_word' id='word_1_105' title='bbox 955 2052 1091 2130; x_wconf 76' lang='lat' dir='ltr'><strong><em>onerist,</em></strong></span> <span class='ocrx_word' id='word_1_106' title='bbox 1116 2052 1204 2134; x_wconf 79' lang='lat' dir='ltr'>qaod</span> <span class='ocrx_word' id='word_1_107' title='bbox 1222 2053 1307 2137; x_wconf 86' lang='lat' dir='ltr'>fero.</span> 
     </span>
     <span class='ocr_line' id='line_1_16' title="bbox 249 2156 1424 2247; baseline 0.004 -24"><span class='ocrx_word' id='word_1_108' title='bbox 249 2156 351 2224; x_wconf 82' lang='lat' dir='ltr'>Solus</span> <span class='ocrx_word' id='word_1_109' title='bbox 385 2157 414 2222; x_wconf 92' lang='lat' dir='ltr'><strong>B</strong></span> <span class='ocrx_word' id='word_1_110' title='bbox 448 2157 556 2224; x_wconf 84' lang='lat' dir='ltr'>habet</span> <span class='ocrx_word' id='word_1_111' title='bbox 589 2161 717 2225; x_wconf 69' lang='lat' dir='ltr'>onerist</span> <span class='ocrx_word' id='word_1_112' title='bbox 749 2158 808 2224; x_wconf 80' lang='lat' dir='ltr'>vel</span> <span class='ocrx_word' id='word_1_113' title='bbox 843 2158 961 2245; x_wconf 81' lang='lat' dir='ltr'>potius</span> <span class='ocrx_word' id='word_1_114' title='bbox 992 2161 1088 2224; x_wconf 76' lang='lat' dir='ltr'>oneri</span> <span class='ocrx_word' id='word_1_115' title='bbox 1121 2168 1161 2238; x_wconf 80' lang='lat' dir='ltr'>et,</span> <span class='ocrx_word' id='word_1_116' title='bbox 1185 2181 1264 2226; x_wconf 90' lang='lat' dir='ltr'>oum</span> <span class='ocrx_word' id='word_1_117' title='bbox 1294 2159 1424 2247; x_wconf 81' lang='lat' dir='ltr'><strong>reliqui</strong></span> 
     </span>
     <span class='ocr_line' id='line_1_17' title="bbox 250 2264 1423 2353; baseline 0.003 -23"><span class='ocrx_word' id='word_1_118' title='bbox 250 2265 294 2348; x_wconf 85' lang='grc' dir='ltr'>(Α</span> <span class='ocrx_word' id='word_1_119' title='bbox 316 2287 351 2332; x_wconf 90' lang='lat' dir='ltr'>n.</span> <span class='ocrx_word' id='word_1_120' title='bbox 375 2265 412 2346; x_wconf 89' lang='lat' dir='ltr'>l.)</span> <span class='ocrx_word' id='word_1_121' title='bbox 436 2266 548 2332; x_wconf 73' lang='lat' dir='ltr'>oneris</span> <span class='ocrx_word' id='word_1_122' title='bbox 571 2274 619 2332; x_wconf 82' lang='lat' dir='ltr'>eet</span> <span class='ocrx_word' id='word_1_123' title='bbox 634 2266 836 2353; x_wconf 87' lang='lat' dir='ltr'>praebeant.</span> <span class='ocrx_word' id='word_1_124' title='bbox 884 2264 1048 2330; x_wconf 79' lang='lat' dir='ltr'><strong>Fortasse</strong></span> <span class='ocrx_word' id='word_1_125' title='bbox 1065 2267 1124 2332; x_wconf 79' lang='lat' dir='ltr'>too</span> <span class='ocrx_word' id='word_1_126' title='bbox 1140 2265 1252 2331; x_wconf 89' lang='lat' dir='ltr'>eieoto</span> <span class='ocrx_word' id='word_1_127' title='bbox 1269 2266 1423 2333; x_wconf 85' lang='lat' dir='ltr'>seribere</span> 
     </span>
     <span class='ocr_line' id='line_1_18' title="bbox 250 2355 1423 2458; baseline 0.002 -21"><span class='ocrx_word' id='word_1_128' title='bbox 250 2355 356 2442; x_wconf 81' lang='lat' dir='ltr'>lieet:</span> <span class='ocrx_word' id='word_1_129' title='bbox 381 2373 516 2458; x_wconf 77' lang='lat' dir='ltr'>Nequeo</span> <span class='ocrx_word' id='word_1_130' title='bbox 528 2381 713 2438; x_wconf 77' lang='lat' dir='ltr'>mereator:</span> <span class='ocrx_word' id='word_1_131' title='bbox 737 2375 1061 2455; x_wconf 77' lang='lat' dir='ltr'>tautumeetouerie,</span> <span class='ocrx_word' id='word_1_132' title='bbox 1082 2373 1170 2458; x_wconf 78' lang='lat' dir='ltr'>quod</span> <span class='ocrx_word' id='word_1_133' title='bbox 1181 2372 1266 2458; x_wconf 83' lang='lat' dir='ltr'>fero.</span> <span class='ocrx_word' id='word_1_134' title='bbox 1298 2373 1423 2440; x_wconf 80' lang='lat' dir='ltr'>Melius</span> 
     </span>
     <span class='ocr_line' id='line_1_19' title="bbox 250 2478 1415 2568; baseline 0.001 -24"><span class='ocrx_word' id='word_1_135' title='bbox 250 2479 344 2545; x_wconf 89' lang='lat' dir='ltr'>enim</span> <span class='ocrx_word' id='word_1_136' title='bbox 368 2481 427 2547; x_wconf 77' lang='lat' dir='ltr'>lroo</span> <span class='ocrx_word' id='word_1_137' title='bbox 452 2480 639 2563; x_wconf 83' lang='lat' dir='ltr'>omittitur,</span> <span class='ocrx_word' id='word_1_138' title='bbox 663 2501 741 2545; x_wconf 87' lang='lat' dir='ltr'>oum</span> <span class='ocrx_word' id='word_1_139' title='bbox 755 2478 884 2545; x_wconf 84' lang='lat' dir='ltr'>aneilla</span> <span class='ocrx_word' id='word_1_140' title='bbox 897 2500 967 2545; x_wconf 88' lang='lat' dir='ltr'>non</span> <span class='ocrx_word' id='word_1_141' title='bbox 982 2501 1032 2563; x_wconf 85' lang='lat' dir='ltr'>ea,</span> <span class='ocrx_word' id='word_1_142' title='bbox 1057 2488 1288 2567; x_wconf 84' lang='lat' dir='ltr'>quaeportat,</span> <span class='ocrx_word' id='word_1_143' title='bbox 1313 2481 1415 2568; x_wconf 83' lang='lat' dir='ltr'>potie-</span> 
     </span>
     <span class='ocr_line' id='line_1_20' title="bbox 248 2586 1422 2674; baseline 0.004 -24"><span class='ocrx_word' id='word_1_144' title='bbox 248 2587 375 2653; x_wconf 87' lang='lat' dir='ltr'>eimum</span> <span class='ocrx_word' id='word_1_145' title='bbox 398 2586 585 2673; x_wconf 81' lang='lat' dir='ltr'>signifieat,</span> <span class='ocrx_word' id='word_1_146' title='bbox 609 2586 757 2672; x_wconf 88' lang='lat' dir='ltr'>adquae</span> <span class='ocrx_word' id='word_1_147' title='bbox 770 2593 890 2652; x_wconf 89' lang='lat' dir='ltr'>tamen</span> <span class='ocrx_word' id='word_1_148' title='bbox 903 2587 978 2653; x_wconf 80' lang='lat' dir='ltr'>oola</span> <span class='ocrx_word' id='word_1_149' title='bbox 992 2589 1052 2653; x_wconf 81' lang='lat' dir='ltr'>too</span> <span class='ocrx_word' id='word_1_150' title='bbox 1074 2593 1262 2674; x_wconf 81' lang='lat' dir='ltr'>speetaret.</span> <span class='ocrx_word' id='word_1_151' title='bbox 1310 2588 1422 2655; x_wconf 92' lang='lat' dir='ltr'>Immo</span> 
     </span>
     <span class='ocr_line' id='line_1_21' title="bbox 249 2693 1424 2783; baseline 0.001 -23"><span class='ocrx_word' id='word_1_152' title='bbox 249 2716 327 2760; x_wconf 88' lang='lat' dir='ltr'>oum</span> <span class='ocrx_word' id='word_1_153' title='bbox 353 2694 509 2781; x_wconf 77' lang='lat' dir='ltr'>Dorippa</span> <span class='ocrx_word' id='word_1_154' title='bbox 534 2693 675 2761; x_wconf 87' lang='lat' dir='ltr'>domina</span> <span class='ocrx_word' id='word_1_155' title='bbox 698 2695 897 2779; x_wconf 78' lang='lat' dir='ltr'>rogaverit:</span> <span class='ocrx_word' id='word_1_156' title='bbox 924 2693 1015 2771; x_wconf 72' lang='lat' dir='ltr'>outo</span> <span class='ocrx_word' id='word_1_157' title='bbox 1037 2697 1178 2760; x_wconf 79' lang='lat' dir='ltr'>onorio?</span> <span class='ocrx_word' id='word_1_158' title='bbox 1211 2695 1424 2783; x_wconf 82' lang='lat' dir='ltr'>respondet:</span> 
     </span>
     <span class='ocr_line' id='line_1_22' title="bbox 250 2799 1424 2888; baseline 0.003 -23"><span class='ocrx_word' id='word_1_159' title='bbox 250 2799 367 2867; x_wconf 80' lang='lat' dir='ltr'>Auooo</span> <span class='ocrx_word' id='word_1_160' title='bbox 389 2803 555 2888; x_wconf 71' lang='lat' dir='ltr'>octogiuta</span> <span class='ocrx_word' id='word_1_161' title='bbox 578 2810 609 2869; x_wconf 87' lang='lat' dir='ltr'>et</span> <span class='ocrx_word' id='word_1_162' title='bbox 632 2810 789 2887; x_wconf 68' lang='lat' dir='ltr'>quotuor</span> <span class='ocrx_word' id='word_1_163' title='bbox 811 2811 842 2868; x_wconf 85' lang='lat' dir='ltr'>et</span> <span class='ocrx_word' id='word_1_164' title='bbox 858 2803 971 2868; x_wconf 84' lang='lat' dir='ltr'>eodem</span> <span class='ocrx_word' id='word_1_165' title='bbox 986 2804 1113 2870; x_wconf 81' lang='lat' dir='ltr'>accedit</span> <span class='ocrx_word' id='word_1_166' title='bbox 1128 2805 1284 2884; x_wconf 73' lang='lat' dir='ltr'>torvitas,</span> <span class='ocrx_word' id='word_1_167' title='bbox 1307 2804 1424 2886; x_wconf 73' lang='lat' dir='ltr'>sudor,</span> 
     </span>
     <span class='ocr_line' id='line_1_23' title="bbox 249 2907 1422 2996; baseline -0.001 -22"><span class='ocrx_word' id='word_1_168' title='bbox 249 2910 352 2992; x_wconf 81' lang='lat' dir='ltr'>eitio;</span> <span class='ocrx_word' id='word_1_169' title='bbox 376 2907 526 2993; x_wconf 90' lang='lat' dir='ltr'>denique</span> <span class='ocrx_word' id='word_1_170' title='bbox 543 2907 650 2973; x_wconf 89' lang='lat' dir='ltr'>etiam</span> <span class='ocrx_word' id='word_1_171' title='bbox 666 2908 776 2975; x_wconf 90' lang='lat' dir='ltr'>adioit</span> <span class='ocrx_word' id='word_1_172' title='bbox 790 2910 895 2975; x_wconf 75' lang='lat' dir='ltr'>timul</span> <span class='ocrx_word' id='word_1_173' title='bbox 911 2911 992 2975; x_wconf 75' lang='lat' dir='ltr'>loeo</span> <span class='ocrx_word' id='word_1_174' title='bbox 1008 2930 1092 2995; x_wconf 80' lang='lat' dir='ltr'>quoe</span> <span class='ocrx_word' id='word_1_175' title='bbox 1103 2918 1203 2996; x_wconf 75' lang='lat' dir='ltr'>por-to</span> <span class='ocrx_word' id='word_1_176' title='bbox 1218 2911 1422 2995; x_wconf 76' lang='lat' dir='ltr'>deprimunt.</span> 
     </span>
    </p>

    <p class='ocr_par' dir='ltr' id='par_1_6' title="bbox 248 3015 1424 3532">
     <span class='ocr_line' id='line_1_24' title="bbox 355 3015 1424 3103; baseline 0.003 -23"><span class='ocrx_word' id='word_1_177' title='bbox 355 3015 509 3081; x_wconf 84' lang='lat' dir='ltr'>Restant</span> <span class='ocrx_word' id='word_1_178' title='bbox 532 3015 600 3081; x_wconf 91' lang='lat' dir='ltr'>duo</span> <span class='ocrx_word' id='word_1_179' title='bbox 623 3015 703 3100; x_wconf 84' lang='lat' dir='ltr'>looi,</span> <span class='ocrx_word' id='word_1_180' title='bbox 726 3015 1045 3103; x_wconf 89' lang='lat' dir='ltr'>quorumoondioio</span> <span class='ocrx_word' id='word_1_181' title='bbox 1060 3015 1343 3082; x_wconf 80' lang='lat' dir='ltr'>emendationem</span> <span class='ocrx_word' id='word_1_182' title='bbox 1353 3038 1424 3083; x_wconf 90' lang='lat' dir='ltr'>non</span> 
     </span>
     <span class='ocr_line' id='line_1_25' title="bbox 248 3123 1424 3211; baseline 0.002 -22"><span class='ocrx_word' id='word_1_183' title='bbox 248 3131 427 3211; x_wconf 81' lang='lat' dir='ltr'>provocat,</span> <span class='ocrx_word' id='word_1_184' title='bbox 471 3123 598 3210; x_wconf 82' lang='lat' dir='ltr'>Amph.</span> <span class='ocrx_word' id='word_1_185' title='bbox 622 3124 710 3191; x_wconf 84' lang='lat'><strong>653:</strong></span> <span class='ocrx_word' id='word_1_186' title='bbox 744 3126 831 3191; x_wconf 79' lang='lat' dir='ltr'>bono</span> <span class='ocrx_word' id='word_1_187' title='bbox 855 3145 951 3210; x_wconf 77' lang='lat' dir='ltr'>quern</span> <span class='ocrx_word' id='word_1_188' title='bbox 969 3132 1091 3210; x_wconf 71' lang='lat' dir='ltr'>penest</span> <span class='ocrx_word' id='word_1_189' title='bbox 1121 3123 1208 3209; x_wconf 84' lang='lat' dir='ltr'><strong>(BD,</strong></span> <span class='ocrx_word' id='word_1_190' title='bbox 1237 3146 1343 3210; x_wconf 76' lang='lat' dir='ltr'>peuce</span> <span class='ocrx_word' id='word_1_191' title='bbox 1376 3134 1424 3191; x_wconf 83' lang='lat' dir='ltr'>eet</span> 
     </span>
     <span class='ocr_line' id='line_1_26' title="bbox 248 3230 1424 3315; baseline 0.002 -19"><span class='ocrx_word' id='word_1_192' title='bbox 248 3231 285 3313; x_wconf 78' lang='lat'>13</span> <span class='ocrx_word' id='word_1_193' title='bbox 309 3230 369 3297; x_wconf 77' lang='lat' dir='ltr'>AO</span> <span class='ocrx_word' id='word_1_194' title='bbox 394 3231 534 3313; x_wconf 83' lang='lat' dir='ltr'>dosunt)</span> <span class='ocrx_word' id='word_1_195' title='bbox 547 3234 598 3313; x_wconf 55' lang='grc' dir='ltr'>Ν)</span> <span class='ocrx_word' id='word_1_196' title='bbox 638 3235 756 3315; x_wconf 68' lang='lat' dir='ltr'>metue,</span> <span class='ocrx_word' id='word_1_197' title='bbox 795 3230 952 3298; x_wconf 78' lang='lat' dir='ltr'>olausula</span> <span class='ocrx_word' id='word_1_198' title='bbox 990 3231 1121 3298; x_wconf 87' lang='lat' dir='ltr'>oaotioi</span> <span class='ocrx_word' id='word_1_199' title='bbox 1157 3231 1346 3311; x_wconf 86' lang='lat' dir='ltr'>baooheioi,</span> <span class='ocrx_word' id='word_1_200' title='bbox 1387 3237 1424 3298; x_wconf 86' lang='lat' dir='ltr'>et</span> 
     </span>
     <span class='ocr_line' id='line_1_27' title="bbox 248 3337 1423 3424; baseline 0.002 -21"><span class='ocrx_word' id='word_1_201' title='bbox 248 3338 349 3404; x_wconf 83' lang='lat' dir='ltr'>Oura.</span> <span class='ocrx_word' id='word_1_202' title='bbox 372 3337 459 3405; x_wconf 81' lang='lat'>407:</span> <span class='ocrx_word' id='word_1_203' title='bbox 499 3341 581 3424; x_wconf 78' lang='lat' dir='ltr'>qaid</span> <span class='ocrx_word' id='word_1_204' title='bbox 616 3360 691 3405; x_wconf 81' lang='lat' dir='ltr'>eum</span> <span class='ocrx_word' id='word_1_205' title='bbox 723 3361 813 3406; x_wconf 80' lang='lat' dir='ltr'>uano</span> <span class='ocrx_word' id='word_1_206' title='bbox 848 3340 1005 3424; x_wconf 57' lang='lat' dir='ltr'>quaene?</span> <span class='ocrx_word' id='word_1_207' title='bbox 1042 3348 1103 3406; x_wconf 81' lang='lat' dir='ltr'>out</span> <span class='ocrx_word' id='word_1_208' title='bbox 1135 3339 1285 3406; x_wconf 70' lang='lat' dir='ltr'>cuiatie&#39;?</span> <span class='ocrx_word' id='word_1_209' title='bbox 1308 3338 1423 3424; x_wconf 57' lang='lat' dir='ltr'>(Bau</span> 
     </span>
     <span class='ocr_line' id='line_1_28' title="bbox 249 3444 759 3532; baseline 0.004 -22"><span class='ocrx_word' id='word_1_210' title='bbox 249 3444 341 3510; x_wconf 84' lang='lat' dir='ltr'>AOD</span> <span class='ocrx_word' id='word_1_211' title='bbox 366 3444 506 3525; x_wconf 77' lang='lat' dir='ltr'>desunt)</span> <span class='ocrx_word' id='word_1_212' title='bbox 533 3482 571 3494; x_wconf 86' lang='lat'>·-</span> <span class='ocrx_word' id='word_1_213' title='bbox 629 3446 759 3532; x_wconf 81' lang='lat' dir='ltr'>loquor.</span> 
     </span>
    </p>

    <p class='ocr_par' dir='ltr' id='par_1_7' title="bbox 247 3551 1423 3743">
     <span class='ocr_line' id='line_1_29' title="bbox 356 3551 1423 3637; baseline 0.004 -20"><span class='ocrx_word' id='word_1_214' title='bbox 356 3551 526 3618; x_wconf 87' lang='lat' dir='ltr'>Videmus</span> <span class='ocrx_word' id='word_1_215' title='bbox 549 3551 661 3637; x_wconf 86' lang='lat' dir='ltr'>igitur</span> <span class='ocrx_word' id='word_1_216' title='bbox 693 3551 784 3618; x_wconf 87' lang='lat' dir='ltr'>hano</span> <span class='ocrx_word' id='word_1_217' title='bbox 818 3551 1096 3618; x_wconf 74' lang='lat' dir='ltr'>contractionem</span> <span class='ocrx_word' id='word_1_218' title='bbox 1133 3552 1264 3619; x_wconf 82' lang='lat' dir='ltr'>oodioie</span> <span class='ocrx_word' id='word_1_219' title='bbox 1287 3553 1319 3618; x_wconf 83' lang='lat' dir='ltr'>A</span> <span class='ocrx_word' id='word_1_220' title='bbox 1342 3574 1423 3621; x_wconf 83' lang='lat' dir='ltr'>auo-</span> 
     </span>
     <span class='ocr_line' id='line_1_30' title="bbox 247 3657 1422 3743; baseline 0.003 -20"><span class='ocrx_word' id='word_1_221' title='bbox 247 3658 396 3725; x_wconf 82' lang='lat' dir='ltr'>toritate</span> <span class='ocrx_word' id='word_1_222' title='bbox 419 3679 491 3724; x_wconf 90' lang='lat' dir='ltr'>non</span> <span class='ocrx_word' id='word_1_223' title='bbox 513 3657 685 3743; x_wconf 87' lang='lat' dir='ltr'>adiuvari,</span> <span class='ocrx_word' id='word_1_224' title='bbox 708 3659 815 3725; x_wconf 89' lang='lat' dir='ltr'>immo</span> <span class='ocrx_word' id='word_1_225' title='bbox 838 3658 967 3725; x_wconf 84' lang='lat' dir='ltr'>Pseud.</span> <span class='ocrx_word' id='word_1_226' title='bbox 991 3658 1056 3724; x_wconf 74' lang='lat'>954</span> <span class='ocrx_word' id='word_1_227' title='bbox 1081 3659 1313 3726; x_wconf 85' lang='lat' dir='ltr'>Ambrosiano</span> <span class='ocrx_word' id='word_1_228' title='bbox 1329 3663 1422 3728; x_wconf 87' lang='lat' dir='ltr'>molo</span> 
     </span>
    </p>
   </div>
   <div class='ocr_carea' id='block_1_3' title="bbox 248 3804 457 3821">
    <p class='ocr_par' dir='ltr' id='par_1_8' title="bbox 248 3804 457 3821">
     <span class='ocr_line' id='line_1_31' title="bbox 248 3804 457 3821; baseline 0 0"><span class='ocrx_word' id='word_1_229' title='bbox 248 3804 457 3821; x_wconf 43' lang='lat'>*—</span> 
     </span>
    </p>
   </div>
   <div class='ocr_carea' id='block_1_4' title="bbox 245 3890 1425 4229">
    <p class='ocr_par' dir='ltr' id='par_1_9' title="bbox 245 3890 1425 4229">
     <span class='ocr_line' id='line_1_32' title="bbox 352 3890 1425 3963; baseline 0.003 -17"><span class='ocrx_word' id='word_1_230' title='bbox 352 3892 379 3961; x_wconf 68' lang='lat' dir='ltr'>*t</span> <span class='ocrx_word' id='word_1_231' title='bbox 400 3894 453 3946; x_wconf 80' lang='lat' dir='ltr'>Eat</span> <span class='ocrx_word' id='word_1_232' title='bbox 471 3890 652 3945; x_wconf 77' lang='lat' dir='ltr'>librariorum</span> <span class='ocrx_word' id='word_1_233' title='bbox 664 3891 847 3962; x_wconf 82' lang='lat' dir='ltr'>neglegentia</span> <span class='ocrx_word' id='word_1_234' title='bbox 866 3908 951 3961; x_wconf 80' lang='lat' dir='ltr'>saepo</span> <span class='ocrx_word' id='word_1_235' title='bbox 970 3894 1192 3946; x_wconf 81' lang='lat' dir='ltr'>transmutatum</span> <span class='ocrx_word' id='word_1_236' title='bbox 1212 3896 1265 3959; x_wconf 77' lang='lat' dir='ltr'>est,</span> <span class='ocrx_word' id='word_1_237' title='bbox 1284 3894 1333 3963; x_wconf 88' lang='lat' dir='ltr'>qui</span> <span class='ocrx_word' id='word_1_238' title='bbox 1346 3912 1425 3949; x_wconf 86' lang='lat' dir='ltr'>error</span> 
     </span>
     <span class='ocr_line' id='line_1_33' title="bbox 245 3978 1423 4051; baseline 0.003 -17"><span class='ocrx_word' id='word_1_239' title='bbox 245 3981 275 4035; x_wconf 90' lang='lat' dir='ltr'>in</span> <span class='ocrx_word' id='word_1_240' title='bbox 294 3981 359 4035; x_wconf 83' lang='lat' dir='ltr'>oliie</span> <span class='ocrx_word' id='word_1_241' title='bbox 378 3997 491 4051; x_wconf 89' lang='lat' dir='ltr'>quoque</span> <span class='ocrx_word' id='word_1_242' title='bbox 511 3979 658 4035; x_wconf 74' lang='lat' dir='ltr'>codicibus</span> <span class='ocrx_word' id='word_1_243' title='bbox 677 3980 840 4035; x_wconf 86' lang='lat' dir='ltr'>invenitur:</span> <span class='ocrx_word' id='word_1_244' title='bbox 872 3997 895 4033; x_wconf 92' lang='lat' dir='ltr'>e.</span> <span class='ocrx_word' id='word_1_245' title='bbox 915 3998 957 4050; x_wconf 84' lang='lat' dir='ltr'>gr.</span> <span class='ocrx_word' id='word_1_246' title='bbox 977 3978 1061 4034; x_wconf 85' lang='lat' dir='ltr'>Luor.</span> <span class='ocrx_word' id='word_1_247' title='bbox 1081 3981 1107 4035; x_wconf 76' lang='lat'>11</span> <span class='ocrx_word' id='word_1_248' title='bbox 1129 3979 1201 4033; x_wconf 74' lang='lat'><strong>275:</strong></span> <span class='ocrx_word' id='word_1_249' title='bbox 1230 3981 1423 4051; x_wconf 72' lang='lat' dir='ltr'>Perspicuum</span> 
     </span>
     <span class='ocr_line' id='line_1_34' title="bbox 245 4068 1424 4141; baseline 0 -16"><span class='ocrx_word' id='word_1_250' title='bbox 245 4071 355 4125; x_wconf 78' lang='lat' dir='ltr'>uobieet</span> <span class='ocrx_word' id='word_1_251' title='bbox 374 4088 425 4141; x_wconf 88' lang='lat' dir='ltr'>pro</span> <span class='ocrx_word' id='word_1_252' title='bbox 442 4071 658 4139; x_wconf 71' lang='lat' dir='ltr'>perspicuumst</span> <span class='ocrx_word' id='word_1_253' title='bbox 689 4070 787 4137; x_wconf 70' lang='grc' dir='ltr'><em>ποόἰες</em></span> <span class='ocrx_word' id='word_1_254' title='bbox 815 4068 860 4124; x_wconf 89' lang='lat'>111</span> <span class='ocrx_word' id='word_1_255' title='bbox 890 4069 960 4122; x_wconf 77' lang='lat'><strong>674:</strong></span> <span class='ocrx_word' id='word_1_256' title='bbox 991 4088 1078 4139; x_wconf 80' lang='lat' dir='ltr'>opere</span> <span class='ocrx_word' id='word_1_257' title='bbox 1102 4071 1219 4124; x_wconf 78' lang='lat' dir='ltr'>onimz&#39;et</span> <span class='ocrx_word' id='word_1_258' title='bbox 1238 4084 1289 4137; x_wconf 88' lang='lat' dir='ltr'>pro</span> <span class='ocrx_word' id='word_1_259' title='bbox 1309 4078 1424 4140; x_wconf 80' lang='lat' dir='ltr'>opereat</span> 
     </span>
     <span class='ocr_line' id='line_1_35' title="bbox 246 4157 1084 4229; baseline 0 -16"><span class='ocrx_word' id='word_1_260' title='bbox 246 4160 339 4214; x_wconf 78' lang='lat' dir='ltr'>animi</span> <span class='ocrx_word' id='word_1_261' title='bbox 349 4180 358 4229; x_wconf 86' lang='lat'>‚·</span> <span class='ocrx_word' id='word_1_262' title='bbox 378 4159 421 4213; x_wconf 91' lang='lat' dir='ltr'>Ill</span> <span class='ocrx_word' id='word_1_263' title='bbox 441 4157 476 4211; x_wconf 87' lang='grc'>68</span> <span class='ocrx_word' id='word_1_264' title='bbox 503 4173 510 4211; x_wconf 78' lang='lat'>2</span> <span class='ocrx_word' id='word_1_265' title='bbox 530 4157 619 4212; x_wconf 72' lang='lat' dir='ltr'>solito</span> <span class='ocrx_word' id='word_1_266' title='bbox 637 4158 755 4211; x_wconf 79' lang='lat' dir='ltr'>onimiet</span> <span class='ocrx_word' id='word_1_267' title='bbox 774 4174 826 4227; x_wconf 88' lang='lat' dir='ltr'>pro</span> <span class='ocrx_word' id='word_1_268' title='bbox 848 4158 966 4212; x_wconf 76' lang='lat' dir='ltr'>eolitoet</span> <span class='ocrx_word' id='word_1_269' title='bbox 985 4161 1084 4213; x_wconf 79' lang='lat' dir='ltr'>animi.</span> 
     </span>
    </p>
   </div>
   <div class='ocr_carea' id='block_1_5' title="bbox 244 4263 1420 4426">
    <p class='ocr_par' dir='ltr' id='par_1_10' title="bbox 244 4263 1420 4426">
     <span class='ocr_line' id='line_1_36' title="bbox 352 4263 1420 4336; baseline 0 -18"><span class='ocrx_word' id='word_1_270' title='bbox 352 4266 394 4334; x_wconf 84' lang='lat'>**)</span> <span class='ocrx_word' id='word_1_271' title='bbox 414 4264 509 4320; x_wconf 90' lang='lat' dir='ltr'>Aliter</span> <span class='ocrx_word' id='word_1_272' title='bbox 528 4264 613 4318; x_wconf 87' lang='lat' dir='ltr'>Troo.</span> <span class='ocrx_word' id='word_1_273' title='bbox 633 4263 726 4318; x_wconf 75' lang='lat' dir='ltr'>Sota:</span> <span class='ocrx_word' id='word_1_274' title='bbox 755 4264 841 4333; x_wconf 76' lang='lat' dir='ltr'>quom</span> <span class='ocrx_word' id='word_1_275' title='bbox 858 4281 947 4334; x_wconf 71' lang='lat' dir='ltr'>perer</span> <span class='ocrx_word' id='word_1_276' title='bbox 966 4266 1025 4335; x_wconf 65' lang='lat'>6⁸25</span> <span class='ocrx_word' id='word_1_277' title='bbox 1053 4280 1224 4336; x_wconf 86' lang='lat' dir='ltr'>quamquam</span> <span class='ocrx_word' id='word_1_278' title='bbox 1243 4263 1336 4319; x_wconf 88' lang='lat' dir='ltr'>forma</span> <span class='ocrx_word' id='word_1_279' title='bbox 1355 4283 1420 4320; x_wconf 83' lang='lat' dir='ltr'>con·</span> 
     </span>
     <span class='ocr_line' id='line_1_37' title="bbox 244 4352 1088 4426; baseline 0 -18"><span class='ocrx_word' id='word_1_280' title='bbox 244 4359 339 4410; x_wconf 80' lang='lat' dir='ltr'>tracta</span> <span class='ocrx_word' id='word_1_281' title='bbox 357 4358 381 4411; x_wconf 83' lang='lat' dir='ltr'>ei</span> <span class='ocrx_word' id='word_1_282' title='bbox 400 4356 546 4426; x_wconf 88' lang='lat' dir='ltr'>legeretur</span> <span class='ocrx_word' id='word_1_283' title='bbox 565 4352 594 4406; x_wconf 89' lang='lat' dir='ltr'>id</span> <span class='ocrx_word' id='word_1_284' title='bbox 615 4354 722 4424; x_wconf 89' lang='lat' dir='ltr'>optime</span> <span class='ocrx_word' id='word_1_285' title='bbox 741 4353 771 4406; x_wconf 92' lang='lat' dir='ltr'>in</span> <span class='ocrx_word' id='word_1_286' title='bbox 790 4371 905 4409; x_wconf 77' lang='lat' dir='ltr'>veroum</span> <span class='ocrx_word' id='word_1_287' title='bbox 926 4354 1088 4422; x_wconf 85' lang='lat' dir='ltr'>quadraret.</span> 
     </span>
    </p>
   </div>
   <div class='ocr_carea' id='block_1_6' title="bbox 0 0 1684 5117">
    <p class='ocr_par' dir='ltr' id='par_1_11' title="bbox 0 0 1684 5117">
     <span class='ocr_line' id='line_1_38' title="bbox 0 0 1684 5117; baseline 0 1"><span class='ocrx_word' id='word_1_288' title='bbox 0 0 1684 5117; x_wconf 95' lang='lat' dir='ltr'> </span> 
     </span>
    </p>
   </div>
  </div>
 </body>
</html>
