3359 5117
717 446 758 463 n.
806 415 938 480 53...

238 609 284 674 ad
322 631 494 695 quaenam
533 609 710 677 adiectiva
744 611 838 678 Noni
861 611 1021 678 Marcelli
1044 614 1205 700 exempla
1228 619 1410 701 spectent:

239 722 346 801 atque
375 719 610 806 compluribus
635 718 777 804 quidem
805 719 1083 807 compendiosae
1108 720 1302 787 Doctrinae
1324 720 1411 788 locis

237 821 299 887 ille
324 823 367 888 de
390 824 456 890 hec
479 848 518 890 re
541 827 650 891 verba
673 824 782 895 iacit:

347 932 376 999 1.
401 954 481 1019 pag.
506 933 583 1012 224,
607 978 634 1021 ,9
662 933 714 998 ed.
740 935 810 1003 M.:
846 935 966 1001 Simile
1001 944 1058 1020 est,
1088 957 1156 1021 pm
1179 937 1305 1002 similia
1340 943 1410 1021 est;

393 1062 462 1125 pm
495 1044 682 1109 masculino
711 1046 865 1129 positum
899 1051 1067 1110 acetrum.
1123 1046 1271 1111 Titinius
1298 1045 1413 1109 Fullo

397 1151 519 1215 cibes:
543 1151 713 1237 formicae
722 1153 785 1237 pol
800 1153 1006 1237 persimilest
1028 1153 1089 1238 (le
1112 1161 1160 1219 est
1175 1149 1288 1232 codd.)
1311 1153 1412 1217 rusti·

396 1258 474 1323 eus‘.
522 1259 674 1324 Naeuius
703 1262 741 1325 in
765 1259 1006 1345 Gpmccsticc:
1040 1258 1130 1345 ,lpoll
1166 1260 1250 1326 licut
1274 1261 1412 1344 peresi·

396 1373 506 1430 torum
529 1368 677 1432 alierum
699 1369 842 1433 similest
865 1366 990 1449 (simile
1018 1374 1066 1431 est
1088 1366 1201 1447 codd.)
1226 1365 1409 1432 hichcmc‘.

371 1473 526 1549 ,Nouius
572 1477 610 1540 in
650 1476 821 1540 Militibus
860 1475 1173 1540 Pometiceusibus:
1223 1477 1269 1557 ‚m
1306 1475 1413 1559 pueri

388 1582 516 1664 pusilli
537 1583 666 1648 similes
698 1583 825 1667 (simile
849 1590 898 1648 est
920 1581 1045 1667 codd),
1083 1584 1164 1668 quie
1195 1584 1283 1647 euim
1306 1582 1352 1646 aet
1375 1602 1411 1647 cs

392 1686 466 1772 fers
488 1690 648 1774 quicquid
670 1691 832 1756 cccmus‘.

236 1792 301 1858 Oui
318 1794 512 1881 scripturae
529 1796 711 1863 Nouianae
731 1799 843 1876 simile
859 1805 908 1863 est
931 1796 967 1879 (i.
990 1818 1018 1864 c.
1035 1796 1194 1882 similest)
1205 1817 1268 1883 pro
1285 1798 1410 1863 similis

236 1907 292 1983 est,
326 1900 423 1966 cuius
448 1904 645 1991 exemplum
680 1926 723 1969 ex
744 1904 872 1969 Plauto
897 1903 1032 1969 nullum
1067 1900 1182 1988 affert,
1216 1901 1255 1969 in
1278 1902 1408 1970 fabulis

236 2006 412 2073 Plautinis
436 2009 523 2077 haec
545 2012 764 2100 respondent
787 2011 874 2077 satis
898 2017 994 2077 certe
1017 2010 1170 2076 traditu:

343 2115 471 2203 Amph.
489 2119 564 2184 442.
582 2118 670 2184 443:
695 2117 797 2184 Sosia
812 2117 975 2202 Mercuri,
999 2116 1166 2203 imaginis
1183 2139 1276 2202 suae,
1292 2118 1410 2205 specie
1483 2113 1485 2116 ’

235 2223 481 2310 perturbatus:
521 2225 615 2292 Certe
639 2227 766 2312 edepol,
794 2224 923 2310 inquit,
959 2247 1057 2311 quem
1091 2226 1192 2291 illem
1227 2227 1411 2312 contemplo

652 2411 655 2416 ⁴
894 2342 924 2399 et
944 2333 1091 2419 forciam
1114 2354 1269 2419 copmscc
1291 2354 1411 2413 mecm,

239 2438 345 2515 Quem
368 2442 565 2508 admodum
582 2464 639 2530 epo
654 2465 730 2509 sum
755 2478 793 2489 -
813 2462 915 2527 saepe
938 2443 976 2506 iu
998 2440 1174 2526 speculem
1196 2443 1335 2526 impexi
1350 2462 1411 2505 —:

1041 2552 1145 2615 mimis
1167 2550 1310 2615 similest
1332 2551 1409 2614 mei.

236 2657 359 2723 Itidem
382 2660 479 2727 debet
497 2668 657 2746 petasum
669 2663 897 2728 devestitum:
921 2668 991 2727 tem
1007 2658 1212 2725 cccmmilest
1226 2664 1326 2743 atque
1342 2678 1409 2744 epo.

237 2767 361 2845 (simile
383 2777 431 2834 est
454 2767 525 2850 BE,
557 2769 669 2835 simile
690 2768 730 2833 in
753 2769 879 2834 similis
901 2788 988 2834 corr.
1013 2767 1056 2851 D,
1078 2765 1139 2831 Ao
1163 2763 1314 2849 desunt3
1337 2784 1424 2834 cem.

234 2875 346 2939 simile
368 2885 416 2941 est
439 2875 578 2957 BDEI).
603 2948 608 2958 .

342 2982 470 3070 Amph.
495 2980 580 3049 601:
603 2983 703 3050 Idem
727 2983 828 3050 Sosia
852 3005 873 3049 a
897 2981 1072 3049 Mercurio
1107 2979 1339 3047 conturbatus
1364 2977 1410 3045 ad

235 3090 551 3177 Amphitruonem:
588 3094 703 3178 Neque
737 3093 793 3158 lec
828 3093 929 3159 lectis
960 3091 1069 3176 mdpis
1093 3098 1141 3156 est
1163 3088 1275 3154 simile
1309 3107 1411 3173 quem

234 3200 294 3264 ille
317 3219 375 3285 epo
397 3201 540 3267 similest
563 3203 637 3266 mei.
684 3199 756 3267 Ubi
773 3201 886 3265 simile
910 3206 959 3265 est
988 3197 1079 3280 BEI,
1101 3194 1196 3261 idem
1209 3193 1363 3261 correxit
1373 3193 1413 3260 in

193 3290 198 3299 ’
235 3308 433 3374 similis-est
457 3308 488 3372 D
513 3306 571 3391 (cf.
602 3330 636 3375 v.
660 3307 750 3390 44⁸2).
804 3307 904 3373 Truc.
931 3304 1007 3374 505.
1032 3305 1119 3372 507:
1155 3302 1410 3390 Stratophanes

235 3415 279 3480 ab
315 3414 489 3503 Astaphio
535 3414 665 3484 ancilla
698 3414 909 3499 ludificetur,
956 3434 1046 3499 quae
1079 3409 1181 3499 pueri
1214 3409 1408 3476 Phronesio

236 3521 398 3589 dominae
422 3523 596 3611 suppositi
618 3523 733 3611 ipsum
756 3529 894 3610 patrem
919 3543 994 3586 esse
1019 3521 1053 3585 ei
1076 3516 1284 3607 persuadet:

166 3613 172 3620 ’
234 3629 311 3697 Ast.
336 3633 473 3718 Peperit
497 3631 636 3715 (Phrcn.
654 3631 742 3715 scil.)
757 3653 903 3718 puerum
926 3631 1068 3696 mimium
1092 3628 1253 3713 lepidum.
1301 3625 1410 3694 Strat.

606 3742 712 3807 Elem
735 3741 854 3826 ecquid
876 3740 951 3822 mci,
974 3736 1145 3808 similist?
1167 3734 1243 3799 Ast.
1268 3735 1409 3821 chusl

236 3847 345 3924 Qeice
360 3851 419 3916 sebi
433 3857 549 3916 actast
560 3851 913 3917 mima-muotcerem
929 3854 959 3912 et
971 3846 1127 3929 clipeum
1149 3841 1306 3928 poscebdt
1321 3842 1388 3905 sibi
1396 3841 1411 3904 i

236 3956 466 4045 Stretijius
490 3965 556 4025 est:
580 3961 649 4025 scic
671 3960 743 4024 iam
766 3958 807 4022 de
830 3955 1050 4043 deprimentis.
1075 3951 1151 4016 Ast.
1169 3950 1282 4015 Nlmis
1306 3967 1409 4033 quem

235 4086 448 4151 tissimum.
473 4083 580 4150 strat.
595 4086 721 4168 Papae.
734 4080 848 4148 cciv.
862 4079 948 4144 sos:
971 4080 1003 4143 e·
1024 4076 1119 4141 mitte
1136 4057 1163 4140 ῖ
1182 4073 1262 4138 Bm
1284 4071 1411 4137 semem

234 4193 594 4279 aestimemini
624 4207 682 4295 (of.
712 4205 839 4294 Amph.
870 4203 946 4287 442,
981 4200 1071 4281 scs).
1094 4221 1127 4266 v.
1154 4198 1242 4264 ecs:
1266 4194 1412 4263 ameum
1438 4194 1446 4248 .·

235 4322 395 4409 BODLA
418 4344 453 4388 n.
477 4320 501 4387 l.
