3359 5117
740 452 961 519 ..68-

257 651 358 718 dinas
380 652 498 739 potius
522 672 626 736 quam
649 650 695 716 ad
719 647 822 735 diem,
857 670 926 736 quo
961 669 1047 716 cena
1070 645 1304 731 novendialis,
1339 647 1363 714 i.
1399 669 1430 714 e.

256 758 416 824 funebris
439 756 613 825 celebrari
636 756 783 841 solebat,
807 756 935 822 reterri
958 762 1098 844 potest;
1134 754 1220 840 quin
1257 755 1364 819 etiam
1389 754 1433 820 ob

257 887 335 931 sam
357 865 472 953 ipsam
496 886 646 945 oausam,
670 870 710 930 ut
727 864 864 952 opinor,
887 863 1035 929 Plautus
1058 884 1189 928 novum
1213 860 1432 927 adiectivum

257 974 462 1040 nundinuiis
497 972 714 1039 conformare
750 973 976 1054 (novendialis
1011 970 1105 1035 enim
1139 969 1310 1034 usitatum
1345 975 1433 1051 erat)

255 1101 326 1146 non
350 1078 537 1163 dubitavit,
562 1100 629 1166 quo
653 1078 793 1145 facilius
815 1078 904 1145 haec
919 1077 1045 1144 allusio
1069 1077 1114 1143 ad
1137 1077 1320 1160 nundinas,
1344 1097 1433 1161 quae

254 1208 349 1254 nono
366 1207 503 1273 quoque
515 1185 574 1252 die
587 1192 700 1269 erant,
722 1186 1002 1272 intellegeretur.
1043 1184 1141 1262 Quae
1153 1183 1282 1249 Leonis
1295 1205 1433 1270 quoque

255 1294 434 1360 sententia
458 1316 534 1360 esse
558 1293 710 1377 videtur,
746 1294 806 1381 qui
830 1294 876 1359 ad
906 1292 997 1381 legis
1021 1292 1197 1359 Bantinae
1231 1290 1342 1377 (CILI
1370 1289 1430 1355 l9l

255 1422 287 1467 v.
312 1399 369 1488 32)
392 1400 608 1484 nondin(um)
632 1422 696 1466 nos
715 1399 867 1487 delegat.
913 1400 1040 1485 Itaque
1056 1399 1094 1464 in
1106 1407 1263 1465 nostram
1273 1398 1432 1484 linguam

253 1508 362 1576 verba
384 1508 447 1575 illa
471 1508 522 1575 sic
544 1509 620 1574 iere
642 1516 844 1578 vertemus:
890 1510 941 1574 ur
975 1511 1022 1574 ist
1055 1510 1111 1574 ein
1135 1508 1432 1594 Murkttupslrccll:

254 1636 323 1681 nur
345 1616 416 1682 uile
440 1617 632 1703 Marldupe
655 1617 782 1683 einmui
801 1618 880 1703 pelli
903 1638 940 1682 er
962 1638 1020 1682 um
1043 1638 1086 1681 zu
1109 1616 1235 1681 konnen
1258 1613 1281 1680 i.
1307 1636 1336 1679 e.
1360 1635 1431 1680 non

161 1706 165 1713 ⁵
254 1721 462 1790 conducitur
485 1723 555 1790 nisi
578 1723 756 1809 nundinis,
793 1723 943 1810 quodie
977 1746 1104 1810 coquos
1138 1723 1290 1789 maxime
1325 1744 1431 1809 quae-

255 1828 343 1895 sitos
379 1852 455 1896 essa
488 1839 761 1899 consentaneum
798 1839 863 1900 est.
911 1830 1013 1910 Quod
1048 1838 1167 1897 autem
1201 1830 1247 1896 ad
1281 1829 1431 1896 formam

253 1938 444 2004 nundinale
467 1946 516 2006 est
531 1939 568 2023 (i.
586 1961 616 2006 e.
640 1939 876 2025 nundinalest)
892 1939 1058 2027 pertinet,
1083 1937 1178 2004 haud
1190 1938 1242 2003 ita
1255 1945 1351 2004 certe
1367 1938 1431 2003 illa

254 2043 387 2110 tradita
401 2050 465 2131 est,
477 2047 686 2134 praesertim
700 2070 777 2115 cum
787 2069 906 2114 omnes
916 2045 1054 2113 codices
1066 2045 1218 2114 Plautini
1226 2047 1430 2113 nundinalis

253 2161 301 2219 ert
323 2153 525 2239 praebeant.
573 2153 683 2221 Verbi
710 2155 828 2242 gratia
863 2156 958 2221 illest
981 2155 1183 2221 nundinaiis
1207 2152 1369 2219 extitisse
1394 2160 1430 2220 et

252 2268 302 2326 est
313 2265 395 2347 post
417 2262 620 2330 nundindiis
635 2263 852 2351 transposito
865 2263 1067 2329 nundinalis
1083 2259 1188 2327 metri
1211 2281 1316 2327 causa
1327 2260 1429 2327 muti-

250 2366 363 2432 latum
401 2389 477 2434 esse
512 2369 766 2453 coniecerimd)
825 2370 904 2448 Qua
938 2392 977 2436 re
1012 2370 1231 2436 nundinalest
1263 2367 1429 2436 Plautum

250 2474 433 2563 scripsisse
456 2499 518 2565 pro
542 2485 637 2544 certo
661 2478 791 2545 habere
816 2500 887 2545 non
912 2501 1066 2567 possum.

357 2582 480 2669 Neque
505 2605 589 2650 vero
612 2585 778 2652 Plautum
800 2586 895 2654 Pers.
927 2586 991 2652 201
1017 2587 1220 2673 peculiarest
1242 2584 1426 2673 scripsisse

249 2688 364 2756 oredo.
411 2689 543 2757 Versus
568 2697 622 2757 est
645 2693 845 2759 octonarius
869 2692 1077 2779 trochaicus,
1112 2691 1306 2781 septenarii
1316 2693 1426 2778 ¹>enim

248 2798 288 2863 in
311 2796 377 2865 hao
401 2820 528 2865 scaena
552 2800 742 2867 octonariis
767 2805 811 2886 (v.
827 2823 860 2869 v.
889 2801 974 2886 1923
1012 2803 1098 2888 193;
1135 2801 1219 2885 1963
1243 2800 1425 2887 tou-202)

249 2904 528 2993 distinguuntur.
575 2908 780 2995 Paegnium,
814 2932 902 2998 puer
937 2911 1008 2996 ille,
1043 2910 1141 2976 cuius
1165 2909 1320 2975 indolem
1354 2908 1426 2974 iam

250 3035 293 3080 ex
316 3012 459 3080 nomine
483 3018 648 3102 cognosci
671 3038 774 3104 posse
790 3024 897 3104 poeta
920 3017 1043 3102 voluit,
1067 3018 1105 3083 in
1122 3015 1424 3105 Sophoclidiscam

247 3120 414 3188 ancillam
438 3121 597 3191 offendit.
623 3123 712 3189 Tum
736 3124 1021 3212 Sophoclidisca:
1296 3117 1302 3129 ’

249 3230 436 3315 Paepniuni
459 3231 514 3297 laic
537 3232 713 3317 quidemst.
758 3232 891 3319 Paegn.
928 3234 1185 3319 Sophoclidisca
1220 3234 1300 3298 laec
1326 3252 1426 3318 pecu·

248 3337 352 3402 liaris
375 3344 424 3403 est
447 3339 509 3423 (1³3
533 3337 566 3404 A
589 3336 701 3421 deest)
727 3342 808 3422 eius,
832 3363 897 3428 quo
920 3343 977 3428 epo
999 3364 1075 3407 suni
1097 3342 1229 3407 missus.

348 3445 607 3530 Supioelidiseu
631 3449 711 3514 naec
728 3450 938 3534 peculidrest
961 3450 1033 3515 eius
1055 3447 1130 3514 Leo
1154 3447 1228 3533 legi
1250 3449 1338 3532 vult,
1362 3447 1424 3512 sed

249 3549 365 3616 minus
403 3553 602 3640 periculosa
640 3555 816 3622 Ritscheli
855 3554 1056 3646 emendatio
1096 3564 1160 3640 est,
1200 3554 1261 3641 qui
1299 3555 1424 3642 copula

248 3660 464 3746 transposita
488 3662 651 3750 scripsit:

248 3766 434 3853 Pnepniurn
458 3771 512 3836 iic
535 3772 709 3857 quidemst.
728 3809 769 3820 -
788 3770 1042 3858 Sdplioclidiscu
1066 3774 1147 3839 inec
1166 3773 1214 3838 ist
1235 3771 1424 3857 peculidris

247 3893 321 3939 eius
345 3924 352 3940 .
380 3922 388 3940 .
413 3925 421 3941 .

248 4028 461 4041 *—

354 4091 381 4160 *l
401 4090 516 4163 Optime
535 4092 659 4148 conferri
683 4098 781 4165 potest
809 4097 888 4151 locus
916 4097 965 4153 ille
985 4095 1141 4154 Servianus
1169 4115 1255 4170 supra
1283 4099 1423 4168 laudatus,

247 4198 304 4252 quo
324 4199 388 4236 cum
408 4183 562 4237 decernere
581 4200 633 4253 pro
654 4202 771 4240 cernere
790 4186 819 4238 in
839 4202 952 4242 versum
966 4188 1108 4257 quendam
1124 4188 1318 4263 Vergilianum
1337 4188 1421 4257 (Aen.

245 4268 304 4323 XlI
329 4270 393 4339 709)
420 4271 591 4342 irrepsisset,
622 4273 726 4329 multos
754 4278 787 4328 ut
813 4292 927 4331 versum
953 4282 1110 4345 servarent,
1141 4278 1244 4338 viset
1267 4281 1423 4337 decernere

240 4359 330 4428 ferro
349 4376 402 4434 pro
420 4359 501 4416 vinds
520 4365 547 4417 et
566 4362 682 4418 cernere
696 4362 785 4434 ferro
803 4362 907 4436 legisse
926 4365 1069 4421 docemur.
