3359 5117
737 475 956 542 .-59-

255 670 451 737 Guilelmus
467 670 636 760 Lindsay‚
661 671 721 759 qui
744 672 800 739 vir
823 671 1047 739 doctissimus
1063 671 1196 761 optime
1219 670 1361 759 quidem
1385 671 1429 740 de

254 777 381 845 Plauto
404 781 552 846 meritus
576 787 639 864 est,
664 779 773 847 Stich.
798 778 886 847 237:

361 887 470 954 Adibo
493 890 540 954 ad
563 890 729 955 homiaem
753 925 794 940 -
820 886 904 963 Quo
934 889 1046 955 taccat
1080 908 1165 975 quoe
1198 890 1284 955 miti
1306 889 1429 957 adeor·

255 996 330 1061 adm
359 999 450 1062 verrit
495 996 558 1078 (sic
581 998 623 1081 A,
657 996 727 1062 nisi
763 995 857 1081 quod
891 999 972 1063 hoec
996 1004 1045 1062 est
1078 996 1239 1084 praebet)
1274 995 1428 1063 scribere

254 1124 359 1169 ausus
383 1111 437 1169 est
460 1104 628 1186 (Ancient
650 1103 815 1170 Editions
839 1104 877 1169 oi
891 1103 1038 1169 Plautus
1061 1125 1141 1191 pag.
1167 1102 1234 1190 65),
1258 1126 1337 1171 cum
1350 1102 1423 1171 Leo

253 1208 441 1297 praeferat,
465 1232 554 1296 quae
577 1211 606 1277 P
628 1210 761 1278 tradit:
783 1213 894 1278 Adibo
916 1213 963 1277 ad
986 1212 1154 1277 homiaem
1177 1248 1218 1260 -
1245 1209 1329 1289 Quo
1345 1213 1427 1279 haec

253 1327 302 1385 cat
325 1339 410 1406 quoe
432 1320 614 1386 occasum
636 1323 665 1388 it
687 1323 781 1387 mihi.

360 1426 465 1494 Oerte
501 1434 621 1495 tamen
664 1428 835 1494 librorum
879 1427 1199 1516 manuscriptorum
1233 1427 1428 1496 traditione

253 1535 431 1601 sententia
466 1535 529 1601 illa
567 1535 838 1623 haudquaquam
872 1536 1034 1602 firmatur
1067 1558 1182 1623 neque
1216 1537 1287 1603 alia
1322 1535 1426 1604 video

254 1652 475 1729 argumenta,
501 1644 627 1729 quibus
651 1666 693 1710 ea
716 1644 835 1711 fulciri
859 1645 984 1732 possit.

360 1750 431 1816 Sed
453 1772 652 1839 pergamus.
700 1751 811 1817 Multo
849 1753 957 1818 etiam
981 1751 1096 1818 minus
1121 1773 1226 1838 quam
1250 1752 1429 1840 scriptura

252 1880 306 1924 aa
328 1868 359 1925 st
381 1881 436 1924 res
458 1860 496 1925 in
520 1860 733 1926 contrariam
758 1860 900 1947 quidem
923 1866 1061 1947 partem
1081 1858 1295 1926 diiudicatur
1311 1859 1429 1926 obser·

253 1973 336 2031 vata
359 1965 512 2034 lectione
535 1990 571 2034 -a
594 1978 651 2055 eat,
682 1990 772 2055 quae
796 1990 860 2056 pro
883 1977 950 2036 -uat
972 1975 1028 2034 ter
1050 1967 1090 2034 in
1124 1965 1302 2034 codicibus
1324 1966 1430 2034 Plau·

252 2073 339 2139 tinis
364 2081 479 2141 extat:

359 2181 451 2248 Men.
484 2183 573 2251 451:
609 2186 668 2272 qui
689 2186 789 2252 illum
812 2186 851 2251 di
875 2206 988 2251 omnes
1013 2185 1191 2272 perduint,
1215 2185 1275 2270 qui
1291 2185 1431 2270 primae

253 2312 467 2378 commentust
484 2334 498 2350 ⁹
507 2311 861 2396 —1mmmeotucatP
884 2293 1049 2397 [co]m⁸e‘—
1063 2310 1096 2376 A
1108 2332 1117 2397 ς
1129 2330 1252 2376 versus
1270 2308 1429 2376 mutilus.

357 2417 463 2484 Poen.
487 2416 575 2498 513:
599 2442 679 2486 uam
702 2422 763 2487 tate
786 2420 923 2503 quidem
942 2420 1072 2506 prodita
1094 2424 1281 2484 succretust
1303 2418 1428 2484 cribro·

247 2511 450 2610 poiliadrio]
473 2536 625 2594 succretu
650 2535 698 2594 est
721 2525 748 2592 Ο
771 2534 956 2593 succretust
980 2524 1054 2610 BD,
1078 2524 1178 2591 deest
1185 2546 1196 2610 ;

361 2634 465 2698 Poen.
491 2633 579 2702 5259:
602 2637 634 2702 is
656 2641 695 2700 in
714 2636 802 2702 tuce
818 2635 973 2701 habitare
988 2641 1209 2701 monstratust
1224 2630 1429 2719 ropionibus]

251 2748 444 2807 monstratu
467 2749 517 2808 eat
539 2740 572 2807 A
594 2751 801 2810 monstratae
823 2751 855 2810 ct
878 2743 916 2808 Ρ.

251 2847 364 2913 Immo
388 2856 429 2915 ut
451 2847 561 2915 Stich.
583 2849 627 2915 59
650 2850 689 2916 in
711 2849 865 2917 lectione
879 2851 994 2936 proba
1016 2857 1048 2916 at
1071 2847 1230 2915 codicum
1244 2845 1304 2913 01)
1325 2845 1431 2911 libra·

252 2955 324 3021 rios
347 2955 501 3042 priorem
524 2978 646 3023 vocem
670 2957 888 3045 supplevisse
908 2956 1101 3023 verisimile
1125 2963 1180 3022 est
1202 2952 1320 3043 (supra
1336 2974 1370 3041 p.
1387 2950 1428 3017 57

255 3062 293 3128 in
313 3061 418 3148 adm),
440 3062 492 3129 ita
516 3064 571 3130 his
594 3064 681 3130 locis
703 3064 819 3151 ipsum
839 3064 928 3131 illud
953 3074 984 3132 at
1006 3086 1028 3130 a
1049 3062 1205 3131 librariis
1227 3061 1280 3128 ita
1314 3058 1431 3149 exple·

253 3176 329 3237 tum
353 3192 428 3236 esse
455 3177 496 3237 ut
525 3180 573 3239 cat
595 3182 798 3238 nasceretur
820 3173 980 3261 suspicor
1003 3170 1126 3238 eodem
1150 3169 1263 3255 modo,
1298 3189 1366 3255 quo
1402 3189 1426 3235 a

251 3285 283 3344 ct
316 3276 354 3345 in
378 3299 401 3345 a
423 3287 472 3345 act
495 3287 747 3346 commutatum
771 3301 849 3347 esse
871 3302 977 3368 supra
1000 3279 1163 3348 vidimus.

362 3385 498 3472 Restat,
521 3394 562 3453 ut
586 3386 629 3454 de
652 3410 714 3472 ecc,
738 3387 833 3474 quod
850 3410 955 3476 saepe
967 3410 1031 3476 pro
1055 3397 1121 3455 ost
1136 3386 1307 3474 scriptum
1329 3384 1427 3451 inve·

252 3492 379 3575 nimus,
403 3516 516 3581 pauca
540 3494 665 3562 dicam.
713 3495 823 3563 Extat
848 3495 964 3562 enim:
