3359 5117
738 436 955 509 ..55-

362 641 529 708 Oeterum
547 642 676 709 Leonis
692 641 913 731 argumentis
937 663 1008 708 non
1027 642 1098 709 iem
1123 643 1300 710 stantibus
1325 663 1432 730 quae·

253 748 323 817 stio
358 773 479 817 rursus
513 758 635 838 aperta
660 762 723 836 est,
755 775 811 819 -n's
835 761 884 819 est
905 759 1023 818 utrum
1058 774 1121 839 per
1144 776 1183 819 -ιι
1207 762 1256 820 est
1290 776 1334 818 an
1370 776 1433 840 per

256 881 312 925 -aa
335 868 367 925 st
401 859 439 924 in
463 870 534 926 -ast
568 859 762 926 transierit.
808 860 939 925 Nostra
975 859 1068 924 enim
1103 861 1291 944 sententia,
1328 882 1432 946 quam

254 966 358 1031 modo
383 967 540 1054 exposui,
575 990 596 1033 a
619 974 746 1032 neutra
781 967 1078 1053 interpretatione
1113 967 1230 1032 aliene
1267 980 1331 1048 est,
1369 967 1431 1032 sed

255 1094 365 1159 nsque
389 1073 504 1140 adhuc
528 1074 565 1139 id
589 1081 730 1141 tantum
765 1074 915 1159 ostendi,
950 1097 1011 1139 cur
1045 1073 1133 1139 haec
1169 1074 1364 1140 contractio
1391 1096 1433 1139 ex

255 1182 371 1260 certia,
397 1204 483 1268 qnos
507 1182 672 1261 vidimus,
696 1181 825 1249 finibus
849 1205 919 1248 non
944 1183 1082 1247 exierit.
1130 1182 1211 1247 Alia
1235 1183 1347 1269 igitur
1372 1181 1431 1245 via

253 1288 356 1354 nobis
390 1288 680 1376 proficiscendum
715 1296 778 1374 est,
817 1297 858 1355 nt
891 1311 965 1355 rem
992 1290 1239 1356 discernamus.
1289 1290 1366 1367 Qua
1393 1311 1433 1353 re

255 1397 421 1462 librorum
435 1397 680 1462 Plautinorurn
694 1397 924 1462 traditionem
940 1397 1052 1484 ipsam
1065 1397 1256 1482 consulam,
1280 1419 1364 1462 num
1390 1418 1432 1460 ex

254 1503 329 1588 hac,
354 1503 446 1569 unde
469 1503 582 1569 forma
606 1514 674 1571 -nst
697 1504 745 1570 sit
768 1513 856 1588 orta,
881 1503 973 1569 effici
997 1504 1118 1591 possit.

362 1630 438 1696 Iam
476 1652 581 1717 supra
616 1630 769 1696 vidimus
794 1639 888 1718 (pag.
914 1634 948 1711 4)
983 1630 1147 1716 antiquos
1182 1632 1432 1718 grammaticos

254 1737 384 1803 latinos
407 1739 459 1803 ita
483 1738 723 1804 censuissent
758 1761 833 1804 eam
853 1739 961 1825 faerit
985 1787 992 1806 .
1019 1788 1027 1804 .
1054 1788 1060 1805 .
1085 1742 1253 1824 scriptam
1277 1742 1429 1823 ,andien-

255 1848 320 1913 das
356 1848 413 1913 est‘
439 1898 446 1912 .
472 1896 480 1914 .
508 1897 514 1911 .
541 1855 571 1913 et
604 1848 735 1913 similia
764 1850 897 1933 penoris
931 1848 1116 1914 mascnlini
1139 1850 1294 1933 primam
1324 1870 1435 1914 vocem

254 1957 421 2041 intepram
444 1956 713 2042 relinquendam,
736 1978 779 2021 ea
803 1957 987 2021 novissima
1009 1964 1121 2021 antem
1145 1958 1180 2040 ,e‘
1205 1964 1235 2021 et
1257 1960 1298 2037 ,s‘
1321 1957 1433 2022 detra·

255 2064 401 2129 tendam
425 2084 494 2129 esse
518 2062 686 2129 dicerent.
735 2063 848 2140 Quam
863 2062 1005 2147 quidem
1019 2061 1196 2129 Victorini
1210 2064 1434 2140 sententiam,

255 2170 326 2235 nisi
349 2170 430 2236 aliis
442 2170 661 2257 argumentis
684 2169 892 2252 firmabitur,
916 2169 1010 2235 haud
1034 2171 1128 2234 tanti
1147 2171 1431 2251 aestimabimus,

254 2286 373 2343 tamen
397 2277 531 2343 factum
556 2300 632 2343 esse
655 2285 783 2364 potest,
815 2285 855 2343 nt
880 2276 1057 2342 Victorini
1091 2277 1319 2364 temporibus,
1354 2278 1377 2344 i.
1403 2299 1432 2344 e.

256 2395 380 2470 quarto
403 2408 437 2472 p.
462 2384 543 2451 Ohr.
568 2408 601 2451 n.
626 2385 776 2468 saecule,
800 2384 959 2450 homines
976 2383 1087 2449 latine
1103 2384 1287 2468 loquentes
1312 2406 1431 2449 veram

256 2491 391 2558 formae
414 2501 485 2559 -nst
508 2491 684 2578 originem
708 2499 745 2556 et
767 2499 932 2556 naturam
967 2491 1144 2556 senserint
1179 2490 1293 2576 magis
1329 2512 1433 2575 quam

257 2599 513 2666 intellexerint.

367 2725 418 2792 tx
441 2724 507 2791 hac
530 2723 713 2791 hominum
737 2725 920 2791 doctorum
933 2724 1112 2791 sententia
1135 2724 1310 2812 scriptura
1328 2747 1433 2811 quae·

259 2835 339 2900 dam
363 2834 507 2901 fluxisse
540 2833 693 2915 videtur,
729 2855 819 2919 quae
854 2833 949 2900 haud
983 2817 1035 2898 ita
1069 2854 1148 2899 rero
1183 2832 1220 2897 in
1256 2833 1435 2900 codicibus

257 2942 432 3008 Plautinis
456 2949 565 3009 extat.
613 2942 818 3009 Invenimus
836 2944 930 3009 enim
954 2965 1009 3009 -ns
1032 2950 1063 3008 et
1085 2963 1148 3029 pro
1172 2949 1242 3008 ast
1265 2941 1434 3030 scriptum

258 3050 315 3116 his
338 3050 448 3120 locis:

364 3159 402 3225 in
428 3160 480 3228 A:
504 3159 630 3226 Pseud.
654 3160 741 3230 713:
764 3161 875 3246 opust]
901 3169 1016 3246 opnsst
1038 3159 1071 3224 A
1093 3181 1178 3245 opas
1202 3168 1250 3225 est
1276 3159 1322 3240 P;
1348 3159 1431 3224 717:

258 3268 414 3352 allateret]
439 3270 599 3335 allatnsst
622 3266 654 3333 A
677 3277 746 3334 mat
769 3267 819 3354 P,
844 3268 947 3335 Most.
976 3265 1082 3336 1068:
1111 3267 1258 3351 meliust]
1283 3267 1435 3332 melinsst

257 3375 290 3441 A
312 3378 435 3442 melias
459 3385 507 3442 est
528 3375 567 3440 P.
1402 3356 1409 3368 ⁸

364 3483 403 3548 in
426 3483 476 3550 P:
501 3482 607 3549 Poen.
632 3481 719 3548 288:
743 3483 878 3567 satiant]
903 3485 1013 3549 satias
1035 3485 1067 3549 si
1088 3482 1117 3547 P
1139 3484 1249 3549 satias
1274 3482 1325 3563 A;
1351 3480 1433 3545 294:

258 3591 366 3676 opust]
399 3611 483 3677 opas
506 3592 550 3656 sit
572 3589 665 3655 BOD
701 3610 781 3676 pac
816 3599 864 3657 est
887 3589 941 3673 A;
977 3588 1064 3655 311:
1100 3588 1209 3674 opust]
1234 3590 1274 3671 A,
1299 3609 1383 3675 opas
1405 3590 1437 3653 si

258 3696 373 3783 Bon,
399 3697 483 3762 374:
508 3699 591 3783 qnid
613 3699 797 3783 mentitnst]
811 3680 867 3778 ⁸A,
891 3700 1025 3780 quidem
1042 3700 1165 3763 entitas
1188 3700 1233 3763 sit
1252 3696 1278 3760 B
1302 3698 1436 3779 quidem

259 3808 416 3872 mentitas
438 3808 485 3872 sit
507 3804 590 3887 003
625 3805 714 3872 546:
749 3807 885 3872 meliust
908 3806 951 3890 te]
988 3807 1110 3872 melina
1132 3808 1164 3871 si
1186 3813 1217 3870 te
1240 3804 1279 3887 B,
1314 3805 1436 3870 melina

258 3915 321 3980 site
345 3912 416 3997 OD,
440 3913 473 3979 A
488 3937 520 3978 n.
539 3913 585 3996 l.;
608 3912 696 3978 579:
721 3914 830 4000 opnst]
849 3914 889 3999 A,
913 3933 998 3999 opas
1020 3916 1052 3980 si
1068 3912 1158 3978 BOD
1176 3932 1260 3998 opas
1283 3912 1436 3997 Nonius3

258 4022 346 4089 902:
368 4022 518 4109 qnatnst]
542 4031 665 4109 qnatns
688 4031 718 4088 st
743 4021 834 4088 BOD
857 4031 982 4111 piratas
1006 4034 1054 4090 est
1078 4024 1120 4091 A.

364 4129 403 4195 in
426 4129 505 4196 Bo:
528 4129 634 4196 Poen.
659 4129 746 4197 534:
771 4131 947 4217 nefaatnst]
973 4132 1125 4218 nefastae
1147 4141 1178 4199 at
1197 4131 1252 4197 ΒΟ
1268 4133 1436 4217 nefastnet

258 4235 289 4299 D
314 4237 466 4321 nefastae
489 4245 537 4302 eat
561 4237 611 4318 A;
636 4237 746 4315 Stich,
769 4239 836 4305 81:
861 4238 969 4324 opust]
994 4238 1070 4321 AD,
1093 4259 1178 4325 opas
1201 4247 1231 4304 et
1255 4237 1322 4304 ΒΟ.

364 4342 402 4407 in
426 4342 510 4408 OD:
534 4342 626 4410 Rud.
653 4341 739 4410 872:
763 4344 911 4428 meliust]
939 4344 976 4425 B,
999 4346 1122 4410 melias
1144 4355 1175 4412 st
1199 4344 1270 4430 OD,
1295 4347 1326 4410 A
1342 4368 1376 4413 ιι.
1394 4347 1434 4430 l.;
