3359 5117
717 429 937 546 ..15-

235 686 317 742 -ust
340 675 408 762 BG,
431 688 500 744 oet
523 676 572 762 D;
599 677 724 746 Pseud.
753 676 809 744 18:
838 679 942 745 tibist
965 676 1034 763 ΒΟ,
1065 679 1157 745 tibist
1180 679 1212 744 D
1244 684 1336 762 (oum
1360 678 1406 749 Α.

238 783 298 867 qui
328 784 401 850 scil.
430 784 495 851 hac
522 785 560 851 in
590 807 628 851 re
658 784 748 851 nihil
782 785 907 866 valet);
943 786 1043 851 Truc.
1081 785 1145 851 967
1181 788 1339 854 tutelast
1369 787 1407 872 0,

235 892 372 957 tutelast
394 890 476 971 BD;
499 892 641 958 similes.
1393 897 1396 901 ’

343 998 411 1064 Sed
435 998 521 1065 haec
545 999 723 1068 hactenus.
769 1001 906 1083 Restat,
939 1007 979 1066 ut
1002 999 1045 1066 de
1069 1000 1285 1089 corruptelis,
1316 1022 1405 1087 quae

233 1103 271 1169 in
295 1104 527 1171 Bacchidibus
552 1112 682 1191 extant,
708 1129 750 1171 ex
767 1117 835 1173 ·u.rt
859 1118 923 1173 -ost
943 1107 1018 1173 sim.
1037 1109 1123 1173 ortis
1145 1129 1256 1196 pauca
1280 1107 1404 1175 dicam.

233 1232 265 1278 v.
291 1211 373 1279 220:
398 1212 589 1300 Chrysalus
606 1236 703 1280 erum
719 1214 913 1298 absentem,
936 1214 1034 1281 cuius
1051 1215 1205 1301 puellam
1220 1216 1406 1282 Pistocleri
1501 1235 1504 1240 ·

234 1339 341 1406 opera
365 1319 466 1387 modo
490 1321 656 1409 repperit,
680 1320 900 1407 adloquitur:

232 1429 372 1515 Edeptl,
397 1431 609 1514 Mnesiloche,
632 1439 669 1495 ut
692 1430 874 1495 lunarem
897 1440 1014 1496 nutum
1036 1432 1191 1517 iutellepo

232 1539 320 1621 quod
342 1559 434 1603 omes
460 1547 673 1623 paratumst:
695 1539 783 1622 quod
805 1539 864 1603 des
887 1539 1051 1604 inventost
1073 1559 1175 1624 opoa;

232 1665 313 1709 uum
328 1647 404 1710 istic
416 1647 562 1730 fortusse
578 1666 663 1711 auro
679 1644 768 1730 (um
781 1646 818 1724 P)
844 1654 890 1711 est
905 1666 1000 1730 epae.
1013 1683 1053 1692 -
1068 1647 1249 1732 Philippeo
1271 1649 1406 1733 quidem

231 1749 382 1817 affirmat
405 1752 631 1830 Pistoclerus,
654 1751 716 1838 qui
737 1773 815 1818 eum
838 1757 883 1833 (v,
911 1751 1101 1834 loe-178)
1124 1747 1162 1819 in
1186 1753 1403 1822 Bacchidum

231 1881 389 1926 sororum
415 1857 517 1926 dorne
544 1866 754 1944 versaretur,
785 1859 1032 1926 Cleomachum
1062 1859 1222 1943 militem,
1251 1861 1404 1949 priorem

230 1967 418 2033 Bacchidis
452 1972 656 2038 amatorem.
691 1966 829 2035 audivit
861 1967 1027 2034 ducentos
1051 1966 1254 2056 Philippeos
1278 1991 1403 2036 aureos

230 2075 418 2161 postulare,
457 2081 497 2140 ut
539 2073 636 2141 illam
672 2073 878 2142 dimitteret.
948 2075 1024 2141 Hac
1062 2075 1174 2141 torma
1212 2078 1403 2164 Philippeo,

230 2201 318 2266 quae
335 2203 378 2247 ex
400 2182 591 2268 praemisso
608 2204 691 2268 opus
714 2192 761 2248 est
784 2181 924 2269 pendet,
949 2182 1056 2247 etiam
1072 2203 1157 2248 auro
1180 2183 1401 2251 scribendum

230 2310 305 2354 esse
331 2296 487 2375 apparet,
522 2289 612 2355 sicut
635 2289 673 2355 in
697 2288 813 2376 priore
836 2310 941 2355 versu
965 2292 1129 2356 inventost
1152 2312 1236 2375 opus
1259 2291 1400 2379 legitur.

228 2396 382 2464 Mutavit
424 2396 535 2483 igitur
577 2396 741 2462 librarius
789 2395 921 2463 codicis
961 2397 989 2461 P
1030 2396 1328 2465 constructionem
1366 2408 1402 2467 et

224 2477 308 2594 opha
334 2515 382 2572 est
416 2528 494 2572 cum
521 2505 741 2572 nominativo
770 2526 901 2594 ponere
934 2504 1088 2571 voluisse
1121 2505 1271 2589 videtur,
1310 2528 1399 2593 quae

182 2628 185 2632 ·
224 2599 439 2680 constructio
469 2635 731 2699 nonnumquam
761 2612 856 2700 apud
878 2612 1043 2680 Plautum
1065 2613 1266 2680 invenitur:
1292 2637 1320 2682 e.
1345 2637 1398 2702 gr.

223 2720 323 2789 (lure.
349 2721 424 2807 252,
448 2723 513 2789 519
539 2721 590 2804 (P).
639 2721 798 2788 Similem
821 2722 1093 2788 constructionis
1117 2721 1399 2789 immutationem

222 2850 244 2894 a
277 2830 421 2896 librario
451 2829 583 2897 iactam
615 2829 696 2897 vide
723 2829 850 2895 Bacch.
878 2829 963 2896 405:
1000 2831 1161 2914 euperiur
1191 2832 1278 2895 sitne
1307 2839 1397 2896 aceto

223 2939 286 3003 tibi
308 2940 374 3023 cor]
405 2949 533 3005 acetum
561 2941 607 3023 P;
640 2939 672 3004 A
695 2961 729 3006 n.
753 2937 776 3005 l.
801 2975 845 2986 —
869 2959 900 3004 v.
927 2936 1010 3003 852:
1044 2936 1234 3023 Chrysalus
1262 2958 1398 3002 summa

222 3045 442 3134 impudentia
486 3047 563 3134 ipso
601 3045 775 3113 Pseudulo
813 3067 885 3112 non
922 3043 1071 3131 indigna
1110 3044 1260 3111 militem
1298 3044 1398 3110 illum

223 3152 479 3238 Cleomachum,
515 3152 575 3240 qui
604 3151 706 3220 valde
736 3153 849 3219 iratus
884 3151 1041 3232 advenit,
1065 3147 1253 3219 Bacchidis
1277 3150 1397 3217 coniu-

221 3284 302 3348 gem
336 3282 411 3327 esse
434 3261 606 3327 mentitus
642 3267 705 3344 est,
739 3266 846 3347 atque
876 3260 967 3327 hanc
991 3258 1133 3346 quidem
1165 3280 1244 3326 cum
1267 3257 1397 3324 Mnesi-

220 3367 320 3435 locho
351 3367 462 3456 ipsius
493 3368 566 3434 filio
597 3368 635 3434 in
672 3368 773 3435 domo
810 3368 970 3457 proxima
1005 3373 1188 3456 potantem
1223 3365 1394 3433 Nicobulo

221 3498 279 3542 erc
304 3476 434 3543 seniori
457 3475 560 3543 modo
585 3475 751 3543 ostendit.
799 3474 857 3541 Ad
873 3497 963 3563 qnae
979 3474 1170 3541 Nicobulus
1188 3472 1376 3541 exterritus
1385 3471 1398 3540 ξ

221 3582 312 3659 Quid
327 3586 404 3649 cir?
434 3582 557 3673 Chrys.
586 3585 646 3652 Vir
660 3587 813 3671 inquam,
845 3582 922 3649 Nic.
941 3584 1059 3669 Neiptu
1083 3591 1130 3649 est
1145 3584 1219 3666 illu,
1242 3583 1396 3648 ebsecro?

218 3689 382 3758 Editorcs
421 3694 609 3778 nuptuu’eat
651 3694 716 3760 illu
752 3695 885 3759 obsecro
924 3696 1063 3757 mutant
1105 3690 1275 3757 facillima
1324 3690 1393 3756 sal-

218 3803 291 3865 tem
322 3807 531 3884 correctura,
570 3822 648 3867 cum
680 3823 737 3867 -ue
770 3796 945 3888 particula
977 3798 1116 3887 saepius
1151 3794 1392 3863 interciderit:

220 3928 248 3974 e.
273 3929 325 3993 gr.
349 3907 454 3977 Merc.
486 3908 549 3973 461
583 3914 619 3975 et
643 3907 752 3976 Stich.
785 3909 870 3990 4se;
905 3928 972 3995 quo
1001 3912 1150 3992 utroque
1179 3904 1256 3988 loco
1286 3905 1393 3972 Pete

174 4100 180 4109 ι
217 4012 306 4080 illud
329 4016 458 4101 omisit,
488 4016 520 4083 A
543 4022 638 4084 recte
662 4016 819 4084 servavit
839 4016 994 4084 scribens
1018 4023 1217 4081 certumnest
1239 4012 1298 4079 vel
1321 4035 1390 4079 eer-

217 4129 329 4189 tumue
352 4134 414 4209 est,
442 4124 485 4190 cl.
510 4125 606 4191 Trin.
632 4123 756 4210 987188
781 4130 817 4191 et
840 4123 989 4211 saepius.
1037 4122 1171 4187 Tamen
1198 4117 1293 4185 haud
1308 4119 1390 4205 scio,

217 4249 262 4294 an
278 4229 324 4314 id,
348 4229 440 4318 quod
455 4231 624 4299 traditum
642 4238 705 4318 est,
728 4231 876 4298 retineri
891 4230 1012 4318 pessit.
1059 4226 1273 4295 Particulam
1297 4224 1391 4293 enim

216 4358 274 4402 -ue
295 4338 451 4425 Plautus,
475 4359 685 4426 quamquam
707 4337 825 4428 posuit
849 4337 1064 4427 plerumque,
1099 4333 1185 4401 satis
1216 4354 1322 4419 saepe
1351 4332 1390 4400 in
