3359 5117
383 1421 684 1559 contractionem,
717 1480 785 1543 qua
820 1458 858 1523 in
891 1479 1049 1523 sermone
1082 1456 1322 1523 Romanorum
1349 1478 1384 1522 ee
1412 1465 1448 1522 et

274 1574 323 1632 est
345 1565 489 1631 voculae
521 1586 599 1630 cum
628 1564 774 1652 syllabis
804 1565 926 1630 autin
950 1564 1064 1630 vocali
1097 1571 1159 1630 aut
1191 1563 1228 1628 in
1252 1586 1301 1628 ·m
1331 1564 1390 1629 vel
1416 1587 1449 1630 -s

275 1671 518 1738 desinentibus
541 1672 579 1736 in
602 1694 708 1738 unam
733 1672 906 1757 syllabam
936 1671 1163 1757 cogebantur,
1195 1676 1388 1736 retractare
1413 1680 1449 1737 et

275 1801 427 1865 quanam
459 1778 519 1844 vio
552 1779 746 1864 quibusque
779 1777 822 1843 de
855 1778 967 1843 causis
1003 1777 1090 1844 haec
1125 1777 1321 1844 contractio
1353 1777 1449 1844 facta

274 1888 322 1953 sit
345 1886 533 1973 anquirere
557 1885 861 1973 operaepretium
885 1908 962 1951 esse
986 1885 1100 1951 visum
1117 1883 1181 1953 est.
1229 1884 1449 1971 Quamquam

276 1995 369 2059 enim
393 2016 414 2058 a
437 1992 525 2060 viris
549 1991 662 2057 doctis
677 2014 748 2058 non
772 2014 914 2080 prorsus
937 1993 1100 2079 neglecta
1124 1998 1188 2077 est,
1212 2014 1314 2058 nemo
1329 1999 1450 2059 tamen

278 2107 391 2166 totam
421 2099 512 2165 hanc
547 2098 788 2185 quaestionem
823 2099 927 2187 plene
961 2105 1067 2184 atque
1103 2121 1258 2165 seorsum
1294 2105 1450 2187 pertrac-

276 2208 381 2292 tavit,
417 2205 480 2271 sed
510 2205 573 2271 alii
607 2205 650 2270 de
682 2206 756 2272 sola
789 2205 931 2292 generis
965 2206 1129 2272 feminini
1159 2205 1282 2287 forma,
1313 2205 1375 2276 alii
1406 2205 1450 2271 de

275 2313 397 2381 formis
427 2315 465 2380 in
496 2337 537 2398 -s,
568 2314 630 2380 alii
659 2312 850 2380 deformis
878 2314 915 2380 in
947 2338 994 2380 cu
1019 2314 1227 2380 exeuntibus
1262 2313 1449 2401 praecipue

277 2428 438 2508 egerunt.
470 2420 564 2488 Illud
576 2443 659 2489 vero
676 2422 707 2487 si
722 2421 900 2505 faciemus,
916 2421 1055 2488 facilius
1071 2420 1318 2507 intellegemus
1330 2442 1450 2487 veram

277 2529 381 2595 huius
404 2529 457 2594 rei
480 2537 642 2595 naturam
672 2536 708 2594 et
737 2529 1001 2614 dissensionem,
1032 2517 1209 2614 quaeest
1238 2528 1332 2594 inter
1345 2527 1449 2594 'viros

276 2637 408 2723 doctos,
432 2638 568 2705 solvere
591 2636 743 2703 fortasse
766 2637 969 2725 poterimus.
1018 2637 1109 2703 Nam
1133 2636 1247 2703 forma
1272 2635 1450 2702 difficilior

275 2744 461 2810 intellectu
493 2744 621 2811 ceteris
656 2745 903 2825 illustrabitur,
936 2745 974 2811 id
1005 2744 1098 2832 quod
1127 2743 1279 2810 maxime
1308 2743 1449 2830 quidem

277 2853 429 2931 eveniet,
454 2852 484 2917 si
506 2851 598 2919 hanc
622 2852 900 2918 contractionem
924 2875 967 2918 ex
983 2853 1060 2941 ipsa
1089 2851 1213 2940 copula
1237 2859 1296 2934 est,
1320 2851 1450 2939 quippe

276 2980 365 3044 quae
382 2959 542 3025 omnibus
557 2958 680 3024 formis
696 2962 890 3026 communis
906 2961 964 3038 sit,
980 2960 1094 3047 magis
1111 2981 1215 3045 quam
1232 2981 1275 3025 ex
1291 2959 1448 3046 syllabae

277 3066 518 3131 antecedentis
542 3073 669 3132 natura
692 3065 847 3155 pendere
878 3067 1072 3155 apparebit.
1119 3067 1217 3133 Haeo
1247 3088 1303 3132 res
1326 3088 1390 3154 per
1412 3089 1450 3132 se

278 3171 397 3259 digna,
420 3163 510 3259 quae
534 3179 775 3259 cognoscatur,
807 3173 976 3240 maiorem
1007 3174 1221 3260 gravitatem
1251 3173 1450 3260 acquisivit,

277 3302 356 3347 cum
378 3280 578 3347 Fridericus
594 3280 677 3366 Le0,
700 3279 755 3347 vir
780 3280 1013 3368 doctissimus,
1039 3282 1278 3348 demonstrare
1302 3287 1449 3347 conatus

277 3389 325 3453 sit
359 3387 475 3476 prisco
510 3394 669 3475 tempore
704 3389 762 3454 vel
796 3388 834 3458 in
870 3410 1030 3456 sermone
1067 3389 1208 3477 volgari
1243 3413 1274 3456 -s
1308 3387 1450 3453 finalem

277 3495 393 3562 vocali
427 3517 498 3561 non
533 3495 648 3561 minus
685 3518 788 3582 quam
833 3503 1051 3563 consonante
1085 3497 1293 3584 insequente
1328 3494 1451 3561 elisam

278 3625 367 3686 esse;
391 3625 495 3689 quam
519 3604 733 3669 sententiam
756 3602 870 3670 forma
891 3607 1031 3692 factust,
1055 3612 1095 3672 ut
1112 3604 1271 3692 exemplo
1294 3610 1384 3688 utar,
1407 3625 1451 3668 ex

274 3710 422 3800 fuctu(o)
451 3718 500 3776 est
532 3717 618 3796 orta,
650 3710 785 3777 firmari
825 3712 1017 3781 contendit.
1075 3713 1150 3779 Nec
1183 3733 1268 3779 vero
1302 3713 1450 3781 formam

274 3824 408 3909 sactum
443 3827 492 3885 est
526 3818 737 3905 bisyllabam
772 3819 877 3906 plane
912 3820 1173 3909 intellegemus,
1208 3821 1278 3886 nisi
1311 3827 1450 3888 contro·

277 3928 429 3995 versiam
445 3927 727 4010 ‚discreverimuq
752 3950 841 4015 quae
865 3927 909 3994 de
925 3929 1099 3995 nasalium
1115 3928 1307 3995 latinarum
1322 3935 1450 3995 natura

279 4044 315 4103 et
339 4036 585 4103 enuntiatione
609 4044 685 4104 orta
708 4042 885 4125 postremo
910 4037 954 4102 ab
977 4036 1130 4104 Aemilio
1148 4036 1334 4105 Seelmann
1359 4043 1451 4103 trac·

278 4151 354 4211 tata
378 4148 441 4228 est,
465 4165 546 4230 non,
569 4149 610 4210 ut
632 4144 794 4230 arbitror,
818 4144 993 4232 expedita.

387 4251 464 4330 Qua
493 4252 531 4319 in
562 4251 768 4339 quaestione
798 4251 974 4340 imprimis
1010 4252 1148 4320 codices
1175 4252 1357 4320 Plautinos
1393 4274 1451 4317 ex-

280 4358 462 4427 cutiendos
508 4360 596 4426 mihi
634 4359 799 4449 proposui
846 4366 952 4447 atque
991 4382 1133 4449 operam
1177 4359 1318 4448 quidem
1361 4360 1451 4426 dabo
