3359 5117
694 461 914 538 ..47-

213 667 311 738 Euel.
365 672 473 737 Homo
495 672 659 737 nullust
681 680 712 737 te
733 672 904 737 coelectior
926 672 986 756 qui
1008 673 1101 739 uvat
1124 671 1223 739 hodie

375 779 490 864 Neque
513 800 593 864 quoe
616 799 674 865 epo
703 780 745 844 de
767 779 942 845 industrio
975 780 1125 865 amplius
1143 780 1228 866 plus
1262 780 1381 845 luteus

1258 888 1386 974 scaeim.

212 993 338 1079 Congr.
373 995 436 1060 Pol
452 997 516 1060 esti
531 1002 643 1061 taceae
653 997 778 1080 palam
793 999 831 1061 id
844 998 1003 1082 quidem:
1026 1019 1071 1083 ee
1084 1005 1098 1062 t
1119 1019 1175 1063 ree
1189 999 1269 1083 ipsa
1281 998 1385 1061 teuta.

372 1103 427 1168 Ita
437 1102 589 1186 fustibus
610 1125 662 1168 su
673 1125 707 1169 m
730 1104 867 1169 mollior
881 1107 989 1190 inopis
1002 1126 1103 1189 quom
1112 1105 1201 1170 clius
1215 1104 1385 1169 cinaedus.

373 1209 443 1275 Sed
481 1211 564 1295 quid
607 1211 670 1276 tibi
715 1213 884 1293 iudicet,
922 1214 1073 1278 mendice
1118 1213 1242 1277 lucino?
1287 1209 1386 1277 Eucl.

1188 1317 1282 1394 Quae
1303 1321 1388 1384 ree?

213 1423 334 1510 Neque
380 1425 666 1511 interpunctione
713 1428 887 1513 (quidemt
933 1431 994 1508 eet)
1031 1426 1237 1515 prohibetur
1280 1447 1385 1513 sync-

211 1532 347 1619 loephu,
380 1554 460 1597 nem
484 1533 634 1598 similem
657 1533 695 1598 in
718 1535 860 1600 modurn
895 1534 1048 1601 admissa
1071 1544 1125 1600 est
1160 1534 1297 1602 Curcul.
1324 1534 1386 1599 94:

213 1642 304 1706 Num
333 1642 446 1707 mouit
481 1637 689 1706 cdrdoi⁶ect
711 1642 865 1726 lepidum
912 1640 1038 1709 Bacch.
1063 1642 1151 1709 986:
1188 1643 1297 1710 Ndeco
1319 1644 1384 1728 eip-

211 1744 546 1815 uumfectoffciue?
562 1752 594 1830 ²¹¹)

319 1856 442 1942 Neque
465 1849 631 1922 Pseudoli
667 1880 699 1924 v.
736 1856 801 1923 954
825 1865 923 1923 recte
947 1865 1002 1922 est
1025 1856 1189 1925 traditus.
1235 1857 1386 1946 Scripsit

214 1971 453 2040 stricturas:
489 1973 573 2041 sim.
597 1947 788 2041 illicitur?
823 1971 947 2040 Pseud.
974 1975 1055 2040 nin
1078 1977 1174 2061 psus
1196 1980 1276 2058 (om.
1302 1973 1386 2060 AP3

214 2078 294 2146 add.
327 2079 490 2159 Ritechl.)
526 2090 583 2148 eet.
637 2080 722 2147 Sim.
758 2082 856 2147 Molo
886 2082 1021 2149 mirciet
1059 2081 1142 2166 (Bu,
1179 2083 1295 2149 mocisi
1330 2081 1387 2163 D).

213 2186 340 2254 Pseud.
365 2189 456 2254 Illuc
478 2191 526 2255 eie
549 2191 635 2255 vide.

320 2294 393 2361 Leo
418 2295 549 2365 edidit:
585 2298 781 2364 Illiciceeti
803 2334 840 2347 -
871 2299 952 2364 Illic
975 2307 1032 2366 eet.
1059 2291 1102 2347 4-
1129 2298 1227 2363 Molo
1254 2300 1389 2365 mercen

216 2445 275 2487 Η
299 2441 334 2452 -
357 2403 413 2470 Ps.
437 2405 528 2471 illuc
550 2408 599 2471 cic
623 2407 707 2488 cide,
733 2428 774 2471 ec
798 2428 888 2491 quae
910 2406 939 2471 P
961 2403 1121 2472 tradidit.

320 2510 375 2579 Ex
398 2513 430 2578 A
461 2510 549 2579 haec
584 2513 660 2579 erui
694 2521 909 2600 potuerunt:
944 2514 1107 2606 illiciccet
1136 2513 1258 2595 ssillic
1282 2513 1388 2599 detss

214 2620 350 2705 mulcet]
376 2642 495 2686 me-
519 2642 536 2688 c
559 2623 607 2688 sic
631 2623 718 2689 vide.

410 2710 456 2780 (re
473 2710 543 2778 illu)

320 2780 498 2868 Imprimis
520 2791 671 2849 metrum
694 2783 853 2865 laborct3
877 2781 1098 2870 septenarius
1122 2782 1216 2849 euim
1232 2780 1386 2849 trochei·

215 2909 274 2952 cus
310 2898 363 2954 est
397 2889 646 2977 postulandus;
683 2889 902 2957 desideratur
933 2912 1023 2957 unus
1058 2890 1252 2957 trochaeus.
1312 2889 1385 2955 Leo

213 2993 373 3061 lacunam
418 2998 607 3085 relinquit3
664 2997 883 3064 Ritschelius
918 2997 956 3064 in
992 2995 1108 3064 medio
1147 3017 1251 3063 versu
1285 2998 1383 3083 ipone

215 3102 362 3172 addidit.
432 3104 502 3171 Sed
545 3127 590 3172 ne
636 3103 892 3171 sententiarum
927 3104 1069 3191 quidem
1103 3125 1256 3170 conexus
1291 3104 1388 3170 omni

86 3246 87 3249 π
215 3210 524 3279 offensionecaret.
571 3213 661 3280 Nem
681 3212 711 3278 si
730 3234 808 3280 cum
820 3211 1018 3278 Ritschelio
1029 3210 1178 3298 aliisque
1191 3209 1386 3277 editoribus

214 3319 372 3402 lecimus,
396 3344 475 3387 cum
499 3321 697 3388 Ballionem
720 3320 884 3386 lenonem
920 3341 963 3386 ex
997 3319 1143 3386 cedibus
1178 3318 1251 3384 suis
1286 3317 1388 3405 quasi

214 3428 405 3495 evomitum
429 3429 628 3517 adspiciens
652 3428 762 3494 Simia
785 3427 942 3494 breviter
967 3426 1098 3493 dixerit
1124 3427 1220 3492 mola
1242 3427 1387 3510 mortiet,

214 3534 306 3622 quod
329 3558 399 3602 non
422 3536 493 3603 uisi
515 3536 561 3604 ed
582 3543 697 3603 totum
722 3535 817 3602 illius
840 3534 1002 3604 habitum
1026 3533 1248 3623 speciemque
1285 3556 1384 3622 spec·

214 3650 290 3709 tare
313 3650 440 3731 potest,
475 3666 547 3710 non
571 3644 660 3711 bene
683 3641 874 3732 posthaec
897 3643 1090 3711 Pseudolus
1124 3664 1233 3709 nuum
1268 3663 1387 3708 ecor-

213 3751 308 3838 poris
331 3748 430 3818 vitiis
454 3751 558 3838 eligit
581 3759 618 3819 et
640 3753 813 3840 castiget:
862 3754 952 3820 Illuc
974 3756 1023 3819 cic
1048 3753 1122 3818 cide

326 3859 367 3928 Ut
390 3869 604 3928 transversus
627 3884 694 3928 nou
712 3883 898 3948 provereue
921 3861 1007 3928 cedit
1030 3860 1130 3946 quusi
1152 3878 1271 3924 concor
1293 3858 1387 3925 colet.

320 4056 346 4125 *)
365 4054 504 4112 Similiter
527 4057 561 4112 R.
586 4057 682 4123 Klotz,
709 4058 727 4113 l.
755 4075 779 4113 c.
808 4075 875 4128 pag.
903 4057 956 4112 521
986 4057 1022 4112 de
1041 4056 1096 4112 hoc
1123 4072 1206 4112 versu
1232 4052 1389 4108 iudicavit:

214 4149 272 4201 uin
298 4148 369 4203 Vere
387 4149 426 4201 iet
444 4148 606 4218 tiberhuupt
624 4149 702 4202 nicht
723 4148 829 4218 ricttip
848 4147 1037 4210 dterlietert:
1066 4163 1114 4200 ree
1133 4146 1201 4218 ipsu
1220 4145 1302 4197 testie
1322 4148 1388 4212 0⁸²5

213 4238 276 4292 tier
295 4240 362 4293 siud
380 4239 434 4292 wir
452 4240 590 4308 penitiqt,
610 4239 658 4292 die
676 4237 894 4308 itereoldeeipe
908 4237 987 4292 Silue
1000 4256 1035 4290 zu
1049 4235 1204 4305 teeeitipen
1217 4233 1277 4286 und
1289 4232 1388 4288 sieten

215 4344 244 4381 ee
262 4347 316 4382 vor
335 4329 394 4382 Res
421 4329 515 4397 ipsust
541 4328 622 4382 testie
650 4346 684 4381 zu
707 4327 809 4381 stetten
837 4328 908 4381 oder
928 4328 982 4380 uu
1001 4344 1048 4380 ree
1078 4325 1146 4394 epea
1173 4322 1255 4376 tectis
1273 4323 1321 4377 cle
1341 4323 1388 4377 die

217 4426 296 4474 sonet
314 4419 392 4473 uicit
412 4437 446 4473 zu
466 4419 618 4488 belepeude
642 4419 731 4473 Form
749 4419 843 4472 tostici
862 4437 897 4472 zu
917 4419 1038 4472 crciren.
