3359 5117
725 465 946 532 ..17-

473 657 514 728 ll.
561 659 611 728 De
635 659 788 746 copulae
813 668 866 726 ost
887 665 973 747 post
993 684 1039 726 ·m
1063 662 1208 747 positae

738 785 946 871 aphaeresl.

359 948 577 1035 Quicumque
602 949 646 1016 de
667 949 734 1016 hao
756 972 795 1016 re
818 972 925 1036 agere
948 949 1105 1017 animum
1130 949 1321 1032 induxerit,
1348 975 1429 1041 pro-

251 1055 366 1123 ficisci
390 1056 495 1124 debet
518 1057 563 1123 ab
588 1057 731 1122 Ernesti
755 1055 863 1122 Diehl
886 1063 1042 1124 tractatu
1059 1080 1164 1146 supra
1187 1058 1343 1143 laudato,
1368 1060 1429 1147 qui
1549 1061 1553 1064 Α

252 1166 293 1230 de
315 1188 350 1230 ru
368 1166 479 1253 finali
502 1167 721 1252 epiprapbieu
751 1164 967 1232 inscribitur.
1013 1166 1067 1231 De
1083 1165 1150 1231 hac
1165 1166 1307 1252 quidem
1323 1189 1428 1253 quam

252 1272 428 1359 agitamus
452 1273 658 1358 quaestione
681 1295 763 1362 pag.
792 1274 853 1338 117
877 1295 951 1359 sqq.
978 1271 1146 1340 disseruit
1169 1280 1215 1358 et,
1248 1280 1289 1340 ut
1323 1297 1429 1364 supra

253 1378 336 1463 dixi,
359 1381 397 1446 in
421 1380 536 1446 titulis
559 1402 623 1469 pro
646 1404 693 1447 -uc
717 1390 764 1448 eet
786 1381 901 1447 sexies
925 1380 983 1447 vel
999 1381 1131 1468 septies
1153 1392 1205 1468 -st,
1238 1403 1430 1467 numquam

252 1496 329 1554 -mst
365 1488 535 1576 scriptum
571 1509 648 1555 esse
683 1487 813 1555 docuit.
861 1487 959 1565 Quae
990 1488 1168 1555 scribendi
1201 1488 1304 1570 ratio,
1338 1509 1428 1574 quae

253 1594 371 1661 Sullae
394 1595 466 1661 iam
491 1595 707 1682 temporibus
732 1602 838 1681 atque
873 1595 958 1661 inde
991 1617 1055 1683 per
1088 1596 1267 1684 complura
1290 1594 1429 1662 saecula

251 1702 289 1767 in
312 1702 490 1790 lapidibus
513 1703 707 1783 iuvenitur,
743 1704 852 1769 etiam
884 1703 922 1769 in
946 1703 1186 1789 antiquiorum
1219 1703 1429 1791 scriptorum

251 1809 360 1876 libros
383 1832 447 1898 pro
471 1820 548 1879 -mst
570 1809 775 1899 recipienda
799 1832 875 1877 esse
898 1811 1051 1894 videtur,
1083 1812 1212 1899 quippe
1236 1831 1326 1896 quae
1348 1832 1430 1900 una,

251 1916 282 1982 si
305 1917 514 2006 scripturam
538 1917 743 1984 dissolutam
765 1940 812 1983 «m
834 1928 883 1985 est
905 1918 1012 2005 longe
1034 1918 1258 1986 usitatiorem
1272 1925 1429 2006 praeter·

251 2025 436 2112 mittimus,
459 2025 592 2092 liberae
602 2027 656 2092 rei
667 2026 830 2114 publicae
853 2025 1102 2093 consuetudini
1113 2025 1312 2111 conveniat,
1324 2047 1426 2113 prae·

253 2133 376 2202 sertim
393 2156 472 2201 oum
489 2133 596 2200 otiam
619 2134 658 2200 in
674 2134 923 2221 manuscriptis
947 2134 1049 2201 libris
1064 2134 1240 2201 Plautinis
1256 2133 1351 2201 haud
1373 2134 1425 2201 ita

252 2266 332 2310 raro
345 2242 556 2330 scripturam
573 2253 615 2310 -st
644 2265 709 2332 pro
732 2239 854 2309 ·m“eot
870 2247 1047 2308 servatam
1060 2264 1136 2308 esse
1149 2242 1244 2309 idem
1256 2242 1427 2308 Ernestue

253 2350 361 2417 Diehl
383 2372 464 2438 pag,
492 2350 557 2418 120
589 2350 892 2418 animadverterit.
939 2349 1070 2416 Tamen
1106 2349 1198 2416 male
1232 2349 1429 2433 eveniebat,

253 2459 345 2544 quod
367 2458 434 2526 bac
457 2449 634 2526 scribendi
655 2458 795 2526 ratione
818 2457 1005 2526 masculini
1036 2466 1073 2524 et
1103 2457 1263 2524 neutrius
1286 2455 1430 2543 generis

252 2569 387 2634 formae
412 2590 490 2634 cum
514 2577 561 2635 est
583 2567 621 2634 in
645 2589 751 2635 unam
775 2567 950 2655 syllabam
973 2574 1117 2634 coactae
1131 2565 1264 2632 litteris
1280 2564 1376 2632 inter
1391 2585 1429 2629 se

252 2696 323 2741 non
347 2674 667 2762 distinguebantur.
715 2675 785 2742 Sed
809 2675 939 2742 dixerit
962 2674 1040 2763 quis
1068 2674 1106 2740 id
1128 2694 1200 2740 non
1223 2672 1429 2760 scripturae,

252 2781 315 2848 sed
351 2782 495 2867 linguae
532 2780 667 2848 latinae
698 2782 825 2849 vitium
863 2783 992 2867 luisse3
1036 2803 1118 2847 nam
1156 2786 1354 2866 utrumque,
1393 2786 1430 2844 et

249 2885 441 2974 factasunt
466 2896 502 2956 et
521 2887 736 2978 factumest,
757 2894 886 2978 factust
910 2888 1133 2956 enuntiatum
1166 2909 1242 2953 esse
1277 2908 1322 2953 ex
1350 2885 1427 2973 ipso

253 2994 410 3083 lapidum
434 2995 613 3063 scribendi
635 3018 701 3064 usu
724 3018 904 3085 apparere.
940 2995 1039 3074 Quae
1050 2993 1226 3061 conclusio
1249 3014 1322 3059 non
1344 3014 1429 3061 vera

254 3122 330 3168 esse
346 3102 434 3168 mihi
450 3103 602 3171 videtur.
634 3103 787 3170 Etiamsi
802 3103 1072 3191 inscriptionum
1088 3099 1301 3168 auctoritate
1316 3098 1431 3166 eoacti

254 3210 464 3298 scripturam
488 3221 533 3278 ut
555 3233 619 3299 pro
644 3209 765 3278 -ru”eet
787 3209 1007 3297 recipiemus,
1038 3216 1157 3275 tamen
1174 3228 1246 3273 non
1269 3227 1432 3295 superva-

253 3340 400 3385 caneum
436 3318 505 3384 erit
538 3319 694 3386 rationes
729 3340 949 3407 componere,
984 3317 1110 3404 quibus
1144 3312 1293 3383 -um“est
1327 3314 1432 3382 aliter

252 3433 359 3512 atque
382 3424 512 3494 -uo‘est
536 3426 759 3494 enuntiatum
783 3448 860 3493 esse
883 3426 1139 3514 comprobetur.

359 3552 516 3620 Primum
556 3554 650 3621 enim
689 3555 787 3621 vocis
831 3553 1019 3621 cuiuslibet
1062 3549 1342 3619 enuntiationem
1385 3547 1429 3614 ab

253 3659 411 3726 eiusdem
437 3660 563 3748 effigie,
579 3683 669 3749 quae
685 3661 816 3729 litteris
833 3660 1140 3744 circumscribitur,
1164 3655 1432 3723 discernendam

253 3787 327 3833 esse
349 3789 394 3833 ne
418 3769 659 3856 neglegamus.
705 3770 796 3837 Nam
809 3770 897 3836 satis
911 3790 1016 3857 saepe
1028 3767 1171 3833 litterae
1185 3764 1339 3853 scriptae
1350 3784 1430 3830 oum

253 3895 341 3940 voce
365 3875 551 3943 enuntiata
566 3899 637 3944 non
653 3878 758 3966 plane
774 3877 1001 3962 conveniunt,
1025 3897 1103 3941 cum
1124 3879 1269 3961 propter
1284 3892 1432 3959 parvum

252 3981 452 4049 litterarum
475 4006 654 4051 numerum
679 4008 743 4073 pro
766 3985 912 4072 linguae
927 3983 1102 4051 humanae
1126 4002 1290 4047 sonorum
1313 3978 1432 4045 multi·

251 4088 376 4156 tudine
399 4090 477 4157 fieri
500 4112 572 4157 non
594 4093 722 4179 potuit,
755 4091 840 4179 quin
877 4090 1038 4157 omnibus
1071 4087 1290 4176 temporibus
1324 4105 1430 4152 voces

253 4197 339 4263 satis
362 4198 458 4264 iuter
481 4220 518 4264 se
542 4197 747 4265 differentes
770 4198 884 4264 isdem
907 4196 1039 4264 litteris
1069 4194 1303 4261 redderentur
1326 4198 1433 4277 atque

253 4304 297 4369 ab
322 4305 484 4371 omnibus
507 4305 724 4392 reciperetur
758 4305 851 4370 ratio
887 4304 1005 4388 aliqua
1038 4299 1226 4383 scribendi,
1262 4319 1350 4384 quae
1386 4296 1431 4364 ad
