3359 5117
726 455 940 527 ..65-

238 661 281 728 In
304 661 334 727 B
357 671 394 728 ut
417 665 485 728 siut
509 659 678 748 scriptum
703 665 767 744 cst,
794 657 840 724 ad
863 680 967 745 quem
991 678 1155 741 errorem,
1179 655 1240 743 qui
1263 654 1415 723 fortasse

238 767 285 834 ud
322 778 360 836 ut
394 772 463 836 siut
497 767 587 834 illud
625 765 778 855 proximi
815 787 939 832 versus
978 763 1184 831 referendus
1208 769 1272 848 est,
1307 762 1415 829 etiam

237 875 311 946 Mil.
335 877 400 942 613
424 877 594 961 conteras,
625 874 686 941 ubi
708 895 772 961 pro
796 875 916 940 utibile
937 872 976 938 in
1000 871 1030 937 B
1060 880 1100 939 ut
1122 872 1220 939 sibile
1244 869 1413 960 scriptum

237 983 398 1069 legimus.

344 1091 453 1158 Stich.
480 1089 543 1158 74:
566 1089 773 1177 Panegyris,
796 1110 884 1155 uxor
900 1089 1022 1173 altera,
1046 1109 1202 1154 sororem
1225 1087 1412 1154 admonet:

237 1201 417 1265 aduersari
438 1202 511 1265 siue
535 1200 693 1264 dedecore
716 1206 746 1263 et
768 1198 892 1263 scelere
914 1217 1043 1262 summo
1066 1197 1160 1261 baud
1176 1216 1369 1281 possumus,

236 1328 341 1392 oeque
364 1308 515 1391 equidem
538 1307 576 1371 id
595 1305 733 1391 factura
748 1325 853 1391 aeque
876 1312 912 1370 tu
935 1310 973 1369 ut
992 1304 1105 1389 facias
1121 1303 1412 1387 consiliosissime,

237 1434 353 1479 oerum
376 1422 413 1481 ut
437 1434 622 1481 emeremus.
646 1415 724 1478 uoci
741 1433 798 1498 eqo
814 1420 963 1478 uestros:
987 1411 1199 1476 exorabilem.
1246 1408 1300 1474 De
1312 1415 1413 1497 patre

236 1520 374 1586 scilicet
407 1521 582 1587 locuntur.
638 1520 810 1586 ecorubiie
845 1526 894 1584 esi
927 1517 1017 1584 inP
1051 1516 1193 1605 legitur,
1227 1516 1266 1582 in
1289 1515 1322 1582 A
1351 1525 1414 1583 aut

236 1629 436 1695 esorabilist
459 1636 521 1694 aut
545 1628 757 1694 exorabilest.

344 1734 453 1801 Stich.
480 1733 544 1799 765
569 1734 720 1821 denique
737 1734 809 1800 Leo
826 1734 916 1799 bene
932 1732 1129 1799 restituisse
1149 1731 1237 1798 mihi
1261 1730 1413 1816 videtur,

237 1842 297 1928 qui
320 1843 371 1909 sie
394 1842 539 1909 scribit:
564 1841 673 1909 Stich.
698 1843 912 1909 Prostibilest
942 1842 1107 1908 taudem?
1140 1848 1284 1908 uectem
1307 1842 1413 1906 stanti

1278 1950 1411 2015 sanium

236 2060 319 2125 dare
346 2061 494 2125 amicum
517 2062 672 2126 amicae?
706 2081 786 2145 euge
802 2061 946 2147 eccesie
958 2058 1035 2144 furi
1050 2058 1163 2123 detur.
1199 2054 1271 2124 Ubi
1280 2058 1411 2143 prosti-

180 2196 182 2200 .
236 2166 319 2232 biles
342 2165 405 2231 BD
436 2168 633 2252 proscipiles
656 2166 692 2232 Ο.
737 2167 789 2233 Ut
825 2166 893 2232 hoc
927 2166 1014 2250 loce,
1051 2165 1104 2231 ita
1138 2174 1151 2231 t
1186 2163 1411 2231 intercidisse

235 2272 397 2339 videmus
421 2273 517 2341 Trin.
535 2274 611 2360 828,
634 2274 695 2340 ubi
717 2275 846 2340 nobiles
869 2295 933 2361 pro
957 2274 1098 2340 nobilest
1119 2272 1157 2339 in
1182 2271 1255 2357 OD,
1287 2270 1412 2338 nobilis

235 2380 273 2447 in
297 2382 346 2462 B;
370 2388 493 2448 contra
517 2391 646 2469 turpest
661 2404 724 2470 pro
749 2391 866 2469 turpes
881 2381 1063 2449 invenitur
1084 2381 1190 2447 Poen.
1216 2379 1282 2445 306
1305 2379 1345 2446 in
1367 2381 1410 2449 A.

235 2489 278 2554 In
317 2489 509 2575 annalium,
542 2491 603 2575 qui
626 2489 761 2557 Archiv
783 2490 840 2556 fiir
865 2487 1149 2576 Lexikographie
1171 2486 1412 2553 inscribuntur

235 2603 271 2663 et
305 2597 346 2664 E.
377 2596 555 2664 Wolfflini
589 2596 756 2684 auspiciis
780 2596 943 2680 eduntur,
977 2595 1047 2662 vol.
1079 2595 1136 2661 IX
1169 2618 1203 2684 p.
1238 2593 1304 2659 166
1336 2594 1409 2661 Leo

233 2703 326 2773 hunc
348 2707 466 2775 locum
489 2707 622 2796 optime
647 2713 701 2774 est
736 2706 1000 2793 interpretatus.

339 2816 456 2882 Nimis
480 2822 598 2883 autem
621 2814 788 2881 audacter
823 2813 957 2879 iactum
993 2820 1056 2897 est,
1089 2810 1181 2898 quod
1205 2811 1305 2899 Oapt.
1342 2810 1409 2876 518

232 2925 414 3009 sperabitis
438 2931 496 3008 est,
531 2922 625 3009 quod
659 2944 779 2989 omnes
813 2921 951 2988 codices
975 2919 1103 3006 (an;
1136 2918 1230 2985 AOD
1267 2916 1408 3000 desunt)

232 3029 388 3115 tradunt,
427 3030 580 3098 editores
616 3030 691 3097 sive
725 3029 763 3095 in
802 3029 999 3115 sperabitist
1033 3027 1170 3094 sivein
1208 3026 1409 3114 sperabilest

232 3143 492 3204 contraxerunt.
540 3138 726 3225 Tyndarus
762 3159 895 3222 servus,
930 3136 992 3223 qui
1027 3143 1068 3202 ut
1098 3133 1260 3201 dominus
1284 3156 1303 3200 e
1326 3155 1407 3221 cap·

231 3243 374 3310 tivitate
399 3243 639 3311 dimitteretur
662 3267 741 3311 eum
764 3244 840 3332 ipso
865 3254 985 3331 partes
1008 3242 1171 3325 mutavit,
1202 3241 1307 3309 rebus
1330 3240 1406 3308 auis

232 3350 406 3439 desperat,
441 3375 519 3418 cum
542 3351 703 3419 fraudem
726 3351 798 3418 iam
823 3350 1002 3417 detectum
1025 3349 1071 3416 iri
1094 3349 1216 3417 videat
1241 3357 1278 3416 et

338 3462 404 3527 Hic
427 3462 527 3546 illest,
559 3460 686 3546 inquit,
710 3462 783 3526 dies
818 3481 893 3526 cum
927 3460 1026 3525 uuila
1060 3462 1149 3525 miae
1181 3479 1275 3525 meae
1309 3457 1405 3524 sulas

1101 3566 1284 3652 sperabitis
1292 3568 1324 3649 ⁸²)
1348 3573 1405 3645 est·

233 3675 303 3753 Qui
351 3697 485 3757 versus,
535 3674 708 3761 siquidem
763 3684 810 3742 est
863 3673 953 3741 illud
1003 3695 1024 3739 a
1077 3671 1273 3740 communis
1311 3669 1407 3737 BEV

230 3782 438 3870 exemplaris
461 3782 605 3849 librario
629 3782 796 3849 omissum
832 3788 868 3847 et
903 3783 941 3848 in
973 3780 1134 3867 margine
1168 3779 1346 3847 adiectum
1371 3784 1407 3843 et

228 3887 280 3953 ita
302 3888 341 3954 in
363 3910 485 3955 versus
508 3888 614 3955 finem
637 3888 819 3976 delapsum
855 3910 931 3955 esse
969 3896 1065 3954 recte
1089 3886 1318 3975 suspicamur,
1354 3884 1405 3951 sic

229 3995 297 4061 erit
320 3995 547 4066 scribendus:

333 4104 399 4170 Hic
421 4105 514 4170 illest
537 4105 620 4188 dies,
643 4125 717 4169 cum
733 4105 861 4170 nullust
883 4105 972 4169 vitoe
994 4104 1087 4168 meae
1102 4101 1403 4187 sulussperdbilis.

227 4208 389 4296 Denique
427 4210 524 4277 'Prin
560 4210 628 4276 679
666 4217 703 4277 et
741 4209 807 4277 828
847 4232 926 4276 cum
959 4208 1033 4277 Mil.
1072 4209 1157 4274 1062
1198 4213 1234 4273 et
1257 4206 1404 4274 Asine

331 4406 356 4477 ²¹²)
376 4406 550 4478 adjectivum
570 4406 728 4475 sperabilie
747 4423 804 4460 non
823 4406 878 4460 nisi
897 4405 952 4460 hoc
971 4404 1034 4458 loco
1054 4403 1188 4457 Plautino
1208 4401 1362 4456 invenitur.
