3359 5117
687 446 909 521 ..64-

368 650 485 717 Minus
508 657 604 718 certe
626 650 798 719 traditum
822 658 877 717 est
900 652 1001 719 Truc.
1029 651 1114 720 170:

368 759 444 827 Ast.
469 758 609 826 Amator
630 761 774 828 similent
797 762 919 846 oppidi
941 763 1083 829 hostilia.
1101 761 1332 831 Diniarchus:
1358 762 1430 839 Quo

261 867 555 960 crummento[est]i
579 868 638 932 ubi
660 870 803 935 similest
827 868 855 932 B
879 870 1004 936 similia
1028 879 1075 937 eat
1098 869 1170 950 OD,
1196 871 1227 936 A
1248 893 1282 936 n.
1307 870 1329 938 l.

368 976 487 1061 Atque
532 974 610 1061 ipsa
650 974 791 1061 quidem
830 975 990 1042 codicum
1036 977 1248 1044 auctoritate
1287 977 1432 1043 minime

261 1083 436 1151 munitum
460 1091 564 1160 esset,
588 1083 659 1147 nisi
682 1084 821 1166 ceteris,
857 1104 943 1168 quos
968 1084 1130 1167 vidimus,
1154 1086 1241 1151 locis
1265 1092 1302 1151 et
1325 1084 1435 1174 ipsius

259 1193 329 1276 loci
340 1191 465 1259 habitu
474 1191 577 1259 valde
588 1191 883 1277 comprobaretur,
909 1191 1114 1277 exemplum,
1126 1191 1220 1276 quod
1232 1201 1330 1260 extat
1343 1198 1434 1263 Men.

264 1300 368 1366 1063:
393 1299 579 1381 Messenio,
597 1299 816 1366 Menaechmi
829 1298 1000 1379 (Sosiolis)
1015 1319 1146 1377 servus,
1163 1320 1285 1365 verum
1300 1305 1436 1390 propri-

260 1429 389 1493 umque
403 1405 667 1473 Menaechmum
692 1405 911 1492 adspiciens:
948 1407 1016 1469 Pro
1032 1406 1069 1468 di
1083 1408 1298 1485 immortales,
1323 1409 1436 1474 excla-

260 1525 343 1599 mat,
355 1517 445 1601 quid,
462 1536 519 1600 epo
534 1514 650 1579 video?
674 1513 748 1577 Sos.
775 1510 864 1587 Quid
876 1512 998 1577 videa?
1022 1510 1122 1577 Mess.
1137 1511 1320 1598 Speculum
1334 1524 1434 1583 tuom

261 1620 336 1688 Sos.
374 1620 465 1697 Quid
499 1621 665 1707 nepotistl
700 1619 804 1687 bless.
831 1622 937 1685 tuost
970 1621 1093 1706 imago.
1130 1628 1199 1685 tom
1231 1624 1437 1689 consimilest

1195 1750 1297 1813 quam
1315 1739 1434 1816 potent.

259 1837 332 1905 Sos.
359 1839 424 1904 Pol
440 1839 594 1924 profecto
617 1838 711 1904 bonel
739 1846 787 1904 eat
810 1836 1002 1917 dissimilis,
1025 1857 1134 1902 meam
1171 1858 1269 1923 quom
1287 1839 1437 1923 formom

1300 1948 1435 2013 noscito.

259 2052 331 2119 Ubi
352 2054 539 2119 consimilia
562 2054 588 2137 γ’
612 2052 648 2133 (i.
674 2075 703 2120 e.
728 2052 793 2138 est)
816 2052 872 2136 13²,
896 2053 991 2118 consi
1006 2072 1085 2117 cum
1108 2072 1231 2117 rasura
1255 2074 1317 2117 sex
1339 2052 1435 2117 titte-

258 2181 377 2226 rarum
399 2161 539 2243 (mitent
552 2161 580 2240 l)
605 2159 661 2244 B¹‚
686 2162 879 2226 eonsiliuest
896 2159 939 2244 D,
961 2158 1022 2263 lea
1046 2159 1122 2227 sive
1151 2159 1197 2222 -le
1221 2158 1264 2224 A.

221 2368 223 2372 y
365 2286 492 2351 Plauto
517 2287 661 2352 similest
683 2284 797 2350 forma
816 2284 981 2351 usitatior
998 2292 1074 2351 erat
1091 2307 1195 2371 quam
1219 2286 1346 2351 similia
1370 2294 1434 2370 est3

260 2416 342 2461 nam
389 2393 443 2460 bis
489 2400 629 2460 tantum
674 2399 787 2459 metro
833 2399 985 2479 urgente
1023 2396 1147 2461 similia
1185 2401 1234 2460 eat
1271 2392 1435 2481 scripsit:

259 2503 355 2569 Pers.
384 2502 433 2584 14,
457 2501 561 2567 initio
586 2501 786 2567 tetrametri
809 2500 1000 2569 trochaici:
1025 2502 1158 2569 Slmilia
1181 2503 1229 2568 lat
1252 2502 1436 2588 Saporisti-

260 2612 334 2676 onis
350 2616 386 2674 et
398 2608 498 2696 Gapt.
514 2610 599 2675 116:
622 2611 808 2675 consimilia
824 2610 872 2675 let
907 2618 1013 2694 atque
1026 2631 1235 2695 quamquam
1248 2608 1435 2673 Terentius

259 2718 403 2784 similest
425 2716 515 2783 illud
537 2722 745 2803 aspernatus
762 2722 869 2782 estet
891 2718 1017 2782 similis
1033 2726 1080 2783 est
1095 2715 1266 2805 praetulit
1290 2716 1431 2799 (Haunt.

269 2825 365 2909 1020,
388 2823 546 2891 Eunuch.
570 2823 661 2908 406),
696 2822 809 2889 nihilo
832 2824 949 2890 minus
981 2827 1126 2891 similent
1160 2823 1221 2890 diu
1254 2822 1362 2889 etiam
1396 2822 1434 2888 iu

260 2915 420 2998 sermone
443 2931 638 2999 cottidiano
663 2942 842 2997 servatum
866 2953 942 2996 esse
964 2931 1123 3000 videmus
1148 2953 1191 2997 ex
1214 2929 1338 3017 Titini,
1372 2929 1434 3016 qui

258 3040 425 3107 Terentio
449 3039 606 3126 aequalis
631 3046 719 3125 erat,
753 3045 789 3104 et
811 3038 916 3124 Novi,
950 3039 1012 3124 qui
1038 3039 1276 3106 Atellanarum
1304 3040 1428 3124 proba-

258 3151 410 3215 tissimus
443 3150 590 3233 scriptor
623 3146 788 3229 (Maercb.
824 3156 890 3212 sat.
915 3147 933 3210 Ι
962 3147 1037 3232 10.,1
1072 3147 1204 3212 saeculi
1237 3168 1268 3213 a.
1293 3144 1370 3211 Ohr.
1397 3166 1431 3211 n.

257 3254 364 3343 primi
386 3253 492 3319 initio
516 3252 673 3337 florebat,
697 3253 857 3319 versibus
880 3253 953 3318 illis
977 3275 997 3319 a
1021 3253 1135 3320 Nonio
1158 3253 1323 3319 laudatis.

365 3379 453 3447 Cum
475 3379 548 3445 illis
572 3386 690 3444 autam
725 3378 811 3444 locis
835 3379 1075 3465 coniungendi
1110 3386 1193 3445 sunt
1227 3378 1287 3447 hi:
1325 3379 1429 3443 Mero.

261 3489 366 3569 1005;
397 3486 506 3556 Stich.
533 3486 595 3568 74;
632 3485 707 3571 766,
752 3486 791 3551 id
814 3486 907 3572 quod
943 3495 980 3551 et
1015 3486 1272 3553 adiectivcrum
1295 3493 1431 3569 natura,
1492 3518 1495 3523 ·

257 3617 347 3683 quas
370 3595 421 3661 ibi
443 3593 683 3679 inveniuntur,
719 3601 755 3659 et
789 3592 960 3659 librorum
1000 3593 1318 3680 manuscriptorum
1351 3613 1431 3658 auc-

256 3703 404 3770 toritate
427 3703 606 3791 probatur.

364 3809 467 3875 Marc.
509 3809 614 3878 1005:
648 3810 778 3875 Eamus
811 3811 913 3893 intro,
958 3829 1025 3875 non
1060 3809 1210 3874 utibilest
1244 3809 1299 3874 bio
1338 3810 1431 3875 locus

321 3915 324 3919 “
1227 3916 1332 4002 factis
1354 3918 1432 3999 tuis,

645 4027 726 4091 dum
760 4045 995 4110 memoramus,
1030 4025 1156 4090 arbitri
1187 4033 1224 4091 ut
1258 4027 1337 4102 sint,
1373 4026 1432 4110 qui

1044 4141 1263 4218 praetereunt
1284 4135 1430 4215 peruias.

257 4244 329 4312 Ubi
346 4241 387 4310 A.
410 4265 444 4320 n.
469 4241 511 4323 l.;
547 4240 608 4307 cb
633 4240 805 4328 praebent
828 4241 946 4306 utibile
969 4242 1020 4305 si:
1044 4249 1075 4306 at
1098 4240 1137 4306 in
1159 4244 1192 4306 ai
1206 4249 1431 4317 commutato,

258 4372 348 4436 quae
371 4349 569 4437 corruptela
592 4346 823 4414 crebrerrima
845 4346 883 4411 in
907 4346 1086 4413 codicibus
1109 4346 1285 4413 Plautinis
1319 4352 1429 4413 extat.
