3359 5117
751 425 971 527 ..⁴29-

275 658 509 746 Vooalismus,
543 659 613 729 vol.
637 659 667 727 1.
692 682 725 748 p.
751 659 795 726 98
826 682 901 747 sqq.
916 648 920 654 ’
934 657 1106 747 suspicati
1137 663 1174 725 et
1208 656 1451 725 demonstrare

275 771 395 839 conati
418 775 503 837 sunt
525 767 589 835 has
613 769 753 835 nasales
776 773 1010 835 consonantes
1023 767 1237 851 obscuratas,
1259 788 1350 853 quae
1376 773 1453 833 tam

276 880 314 945 in
331 878 456 965 lingua
473 898 601 964 graeca
618 898 723 962 quam
739 876 852 943 latina
868 874 1108 959 inveniuntur,
1133 873 1280 940 eandem
1296 874 1452 941 indolem

275 976 442 1053 habuisse
477 993 583 1071 atque
618 984 767 1070 nasales,
802 983 922 1071 quales
958 984 996 1049 in
1031 981 1153 1069 lingua
1186 982 1452 1070 Francogallica

277 1094 480 1161 efferuntur.
526 1093 652 1178 Itaque
686 1092 844 1158 vocalem
878 1091 991 1179 ipsam
1027 1111 1106 1157 cum
1139 1088 1262 1156 littera
1290 1112 1314 1157 a
1336 1090 1396 1158 vel
1418 1114 1452 1156 m

276 1200 486 1288 insequenti,
510 1200 541 1265 si
563 1200 677 1267 altera
701 1200 810 1266 etiam
833 1220 1029 1266 consonans
1051 1196 1271 1283 succedebat,
1294 1198 1332 1264 in
1347 1220 1451 1267 voca·

275 1311 346 1376 lem
361 1309 502 1375 unicam
517 1329 581 1395 per
597 1329 699 1373 nares
716 1328 917 1395 expressam
932 1304 1102 1371 transisse
1118 1303 1293 1372 dixerunt.
1338 1305 1452 1385 Quam

278 1416 489 1483 sententiam
514 1415 674 1481 refutans
700 1414 872 1480 Aemilius
897 1412 1086 1479 Seelmann
1108 1412 1132 1479 1.
1156 1412 1179 1479 l.
1210 1432 1317 1499 pagg.
1341 1412 1453 1480 268-

278 1524 342 1591 292
366 1547 390 1588 o
414 1529 450 1588 et
472 1545 506 1588 m
528 1521 668 1588 litteras
691 1522 907 1601 imminutas,
943 1541 1029 1607 quas
1062 1518 1130 1586 hac
1163 1524 1249 1586 nota
1270 1544 1295 1585 a
1318 1519 1453 1607 signifi·

278 1633 384 1715 cavit,
407 1629 498 1696 nihil
521 1629 618 1695 aliud
643 1651 718 1696 esse
736 1628 977 1695 demonstrare
1004 1626 1160 1715 suscepit
1181 1626 1263 1707 nisi,
1286 1632 1327 1694 ut
1341 1626 1453 1715 ipsius

278 1738 396 1811 verbis
419 1745 509 1823 utar,
533 1739 743 1804 reduziertes
765 1759 788 1802 n
811 1739 873 1803 mit
893 1737 1158 1823 gleichzeitiqem
1181 1736 1284 1802 locem
1307 1735 1451 1821 Lippcn·

277 1848 466 1914 verechlase
488 1845 546 1912 vel
569 1847 776 1911 reduaiertea
809 1867 844 1910 m
865 1846 928 1910 mit
960 1844 1223 1931 pleichzcitt‘qem
1246 1843 1349 1909 loram
1372 1843 1454 1910 dec·

279 1956 372 2021 talea
395 1954 642 2021 u-Versohhass
665 1951 710 2042 (p.
735 1951 923 2037 2711272),
948 1957 986 2017 et
1007 1950 1143 2039 pariter
1167 1972 1226 2017 eas
1251 1949 1454 2018 enuntiatas

280 2069 316 2129 et
341 2060 576 2129 enuntiandas
600 2083 675 2140 esse
709 2066 816 2146 atque
855 2065 1109 2126 consonantem
1141 2057 1250 2143 illam,
1285 2059 1351 2124 dea
1372 2079 1454 2124 maa

278 2171 417 2256 spcziell
440 2173 478 2235 ic
501 2171 563 2235 der
585 2170 733 2235 Preciae
756 2169 908 2234 Sachare
930 2167 1003 2233 aad
1018 2166 1166 2255 oiclfach
1181 2166 1394 2233 ouderwh'rts
1415 2169 1455 2232 in

280 2277 601 2345 Norddautsohlood
622 2277 806 2362 repatrecht
833 2276 881 2341 da
903 2275 1043 2360 apricht,
1074 2296 1122 2340 wo
1152 2275 1260 2339 aierem
1283 2274 1455 2360 orthogra-

274 2388 441 2472 phiachea
463 2408 487 2451 a
522 2387 577 2451 eiu
601 2385 746 2450 oizcoiaz
769 2384 818 2470 (m
843 2382 902 2469 hp)
922 2383 1020 2471 folqt,
1054 2381 1129 2448 aleo
1161 2383 1199 2447 iu
1229 2381 1362 2448 Worteo
1395 2381 1457 2446 wic

279 2492 468 2558 camachen
507 2540 515 2559 .
556 2541 564 2556 .
606 2537 636 2575 .‚
683 2492 855 2578 aabepiaa
894 2539 902 2556 .
943 2539 952 2557 .
992 2537 1023 2575 .,
1075 2488 1310 2574 uaportciiach
1348 2537 1357 2555 .
1398 2536 1406 2555 .
1446 2535 1456 2555 .

279 2602 351 2667 aad
391 2600 535 2666 touscad
573 2600 734 2665 cadmeo.
793 2597 911 2684 Atque
957 2596 1045 2664 haec
1080 2594 1284 2662 Seelmanni
1318 2593 1454 2683 discep-

280 2706 370 2773 tatio
392 2727 464 2773 non
488 2705 591 2772 modo
615 2727 637 2771 a
659 2705 767 2790 nullo,
790 2704 829 2770 ni
852 2704 969 2787 fallor,
993 2703 1069 2771 viro
1087 2701 1189 2771 docto
1212 2701 1370 2770 refutata
1393 2708 1460 2786 est,

279 2812 342 2880 sed
376 2835 496 2880 omnes
529 2812 614 2898 fere,
648 2812 718 2880 nisi
741 2812 854 2900 ipsam
891 2811 965 2879 eius
997 2810 1329 2897 interpretationem
1363 2830 1460 2875 rece·

279 2927 417 3009 petunt,
441 2919 639 2987 concedunt
662 2925 782 2986 tamen
799 2917 1033 2986 Schuchardti
1049 2915 1293 3004 Schmidtique
1316 2922 1458 2982 senten·

279 3028 367 3094 tiam
407 3051 483 3094 esse
523 3028 749 3096 dissolutam:
791 3049 821 3094 e.
861 3048 913 3113 gr.
953 3026 997 3095 G.
1021 3026 1154 3113 Meyer,
1193 3023 1456 3092 Grammatioae

280 3135 437 3203 Graecae
462 3138 474 3178 ⁸
496 3158 569 3224 pag
591 3135 655 3202 381
680 3157 752 3223 sq.:
775 3137 854 3213 Eia,
876 3134 993 3221 inquit
1016 3155 1076 3201 vor
1091 3136 1199 3201 daem
1215 3134 1457 3200 Konsooaaten

278 3246 456 3310 stehender
480 3245 592 3311 Nasal
614 3245 676 3311 hat
697 3248 735 3311 ia
758 3245 824 3310 den
854 3244 1078 3309 historischen
1100 3242 1268 3308 Perioden
1300 3242 1360 3308 des
1382 3239 1460 3306 Alt-

276 3354 509 3437 9rieohischea
532 3354 629 3419 ainau
659 3335 873 3418 raduzicrtea
896 3353 1011 3438 Klaoq
1039 3353 1170 3438 qehabt,
1203 3351 1265 3417 der
1295 3350 1460 3414 mitantur

279 3462 352 3525 sain
373 3461 569 3545 quasliches
592 3460 794 3526 Schwiudeu
826 3481 890 3525 aar
913 3460 1016 3545 Folqe
1051 3460 1143 3524 hatte
1159 3507 1167 3526 .
1186 3506 1221 3525 ..
1256 3459 1338 3523 daea
1373 3456 1458 3539 hier,

279 3569 347 3646 wie,
365 3568 393 3632 1.
419 3567 573 3633 Schmidt
599 3568 673 3634 Voo.
691 3569 710 3633 1
732 3569 792 3632 116
807 3569 983 3651 ouuimmt,
1007 3565 1241 3633 Naaalvohale
1253 3563 1459 3651 perprocheo

175 3766 177 3769 y
278 3675 414 3741 worden
437 3676 538 3758 scien,
561 3677 607 3741 iet
630 3675 726 3741 nicht
748 3695 790 3740 aa
814 3677 982 3741 crwea‘sen.
1029 3671 1135 3739 Haud
1151 3671 1256 3739 aliter
1278 3670 1457 3738 Robertue

280 3779 323 3846 de
347 3781 475 3848 Planta
511 3781 681 3865 (Gramm.
718 3780 781 3847 der
816 3778 1198 3848 oskiseh·umbrieohen
1220 3776 1355 3845 Insohr.
1378 3775 1398 3843 I
1420 3799 1454 3865 p.

278 3887 345 3951 310
369 3887 487 3957 adnot.
499 3889 552 3971 3):
586 3889 698 3975 (layca
721 3891 777 3955 die
799 3888 978 3955 Aauahme
1001 3909 1066 3955 oon
1088 3887 1309 3975 acrostichon
1334 3886 1458 3952 Nosal-

278 3997 423 4062 oohalcn
445 3998 532 4063 wohl
555 3999 616 4062 mit
639 3998 745 4063 Recht
768 3996 961 4077 Scelmarm,
985 4001 1021 4061 et
1044 3995 1084 4062 1⁴¹.
1101 3994 1198 4061 Stolo
1221 3991 1458 4078 (Historische

279 4101 434 4169 Gramm.
451 4102 513 4170 der
529 4102 591 4170 lat.
609 4102 766 4192 Sprache
789 4126 823 4191 p.
849 4103 915 4166 244
927 4104 959 4184 ):
983 4104 1049 4168 Die
1067 4101 1243 4181 Aooahme
1259 4121 1322 4167 coa
1339 4102 1459 4186 eiyeat-

279 4210 392 4278 h‘ohaa
407 4212 663 4279 Nasaloohaleu
683 4215 747 4300 star
769 4212 834 4277 dos
858 4212 1069 4277 Latoiutechc
1091 4212 1136 4276 iat
1152 4210 1370 4293 abzuweieea,
1393 4208 1459 4295 aql.

268 4316 460 4384 hartmano
476 4319 618 4406 Ausspr.
643 4322 709 4386 289
721 4322 759 4407 ff.
807 4317 902 4396 Quin
925 4317 1034 4384 etiam
1049 4316 1239 4384 Lindsains
1255 4314 1458 4386 Seelmanni
