3359 5117
738 439 958 518 -50..

257 642 396 714 marcisi
418 647 570 714 scribere
593 652 766 715 vetamur.
812 648 893 716 Aul.
918 631 996 733 lau
1032 649 1104 715 Mil.
1130 650 1206 736 997,
1231 651 1338 718 Mera.
1364 651 1431 718 672

258 759 364 823 testim
387 758 552 842 cerporiat
574 758 700 822 onerist·
720 777 792 822 non
814 762 910 822 reete
934 756 1067 823 tradita
1103 780 1179 823 esse
1214 759 1294 824 aliis
1318 761 1431 826 causis

257 867 511 951 comprobatur.
560 863 637 928 Duo
662 871 744 929 sunt
767 864 845 944 loci,
880 864 1006 949 quibus
1024 874 1146 951 penest
1168 869 1301 933 cuiatis'
1335 878 1431 935 recte

255 973 329 1058 legi
352 969 567 1055 viderentur,
606 971 677 1060 uisi
714 970 792 1058 ipsa
824 971 1017 1037 formarum
1056 974 1285 1058 singularitas
1320 977 1431 1064 suspi-

256 1082 393 1147 cionem
417 1087 586 1145 moveret.
635 1078 734 1155 Quae
768 1101 847 1145 cum
883 1080 935 1145 ita
971 1082 1053 1162 sint,
1088 1080 1143 1146 his
1179 1103 1315 1167 qnoque
1345 1082 1430 1150 locis

256 1192 375 1256 bonust
397 1211 493 1275 quem
510 1209 617 1273 peaes
640 1190 749 1253 virtue
773 1194 808 1252 et
831 1197 893 1254 aut
916 1191 1011 1254 cuias
1035 1191 1097 1253 es?
1119 1189 1368 1274 praeferemus

364 1297 469 1362 Fines
493 1294 603 1381 igitur
634 1295 862 1379 quaestionis,
902 1295 945 1359 de
980 1317 1048 1380 qna
1081 1298 1227 1380 agimus,
1266 1319 1287 1362 a
1311 1297 1429 1365 Leone

254 1427 325 1471 non
357 1405 444 1469 satis
479 1411 556 1468 arte
591 1402 874 1488 circumscriptos
898 1424 974 1466 esse
1006 1411 1163 1488 apparet,
1197 1427 1276 1470 cum
1310 1406 1428 1473 nullae

253 1551 357 1596 voces
381 1528 451 1593 nisi
475 1527 513 1592 in
536 1511 572 1593 -ir
595 1543 658 1614 †s
683 1533 851 1592 exeuntes
876 1550 954 1592 cum
972 1538 1019 1593 est
1035 1534 1205 1613 sequente
1223 1531 1428 1597 coaluerint.

254 1637 344 1708 Nam
366 1634 457 1701 illud
479 1636 622 1701 similest
645 1635 775 1721 quippe
798 1635 892 1720 quod
915 1635 1020 1700 aliter
1044 1645 1151 1721 atque
1164 1635 1259 1722 haec,
1284 1638 1328 1703 de
1353 1640 1429 1723 qui·

253 1745 318 1811 bus
357 1767 450 1810 nunc
489 1764 566 1829 ago,
605 1742 910 1830 interpretandum
949 1744 1006 1827 sit,
1045 1742 1104 1808 hic
1144 1745 1251 1811 etiam
1290 1747 1425 1817 omitto.

253 1852 416 1919 Ceterum
456 1850 596 1917 etiamsi
634 1851 829 1937 scripturae
868 1854 975 1918 tertiat
999 1854 1164 1938 corporist
1199 1853 1275 1919 sim.
1301 1855 1427 1921 melius
1476 1878 1479 1882 ·

253 1967 372 2027 essent
393 1959 563 2042 firmatae,
587 1980 658 2025 non
670 1958 834 2045 intellegi
857 1965 987 2045 posset,
1011 1981 1073 2025 cur
1096 1965 1249 2045 corporis
1273 1970 1322 2028 est
1345 1968 1426 2045 (ccr-

247 2071 372 2155 porist)
412 2076 448 2133 et
485 2069 612 2133 similis
650 2074 699 2133 est
734 2065 910 2154 (similest)
948 2089 1020 2132 non
1058 2068 1137 2155 pari
1175 2070 1426 2136 contractionis

250 2176 391 2242 ratione
428 2197 493 2241 usa
534 2184 662 2259 essent,
701 2173 876 2260 siquidem
913 2185 1101 2260 utrumque
1134 2175 1179 2240 ad
1218 2199 1250 2242 -s
1283 2177 1426 2244 finalem

251 2284 471 2349 obscuratam
494 2281 716 2348 referremus.
765 2280 900 2358 Quibus
924 2281 968 2346 de
992 2283 1107 2347 causis
1131 2283 1261 2349 Leonis
1285 2294 1426 2352 senten·

250 2391 337 2459 tiam
360 2390 508 2479 probare
532 2412 603 2456 non
626 2411 766 2476 possum
791 2396 826 2454 et
851 2389 1202 2475 circumspiciendum
1226 2401 1289 2476 est,
1314 2393 1424 2459 unde·

249 2539 331 2583 nam
354 2516 392 2581 id
427 2516 474 2582 sit
509 2515 749 2603 repetendum,
785 2513 879 2601 quod
913 2536 1018 2580 unam
1049 2514 1125 2580 fere
1160 2500 1214 2582 scs
1252 2516 1424 2603 syllabam

248 2626 335 2692 haec
359 2624 554 2691 contractio
577 2623 778 2709 arripuerit.

354 2768 486 2835 Verum
510 2768 604 2834 enim
628 2788 712 2834 vero
738 2788 779 2831 ea
817 2767 896 2853 ipsa
926 2789 974 2851 re,
1014 2767 1107 2852 quod
1141 2751 1195 2833 als
1218 2767 1422 2835 terminatio

248 2894 360 2960 multo
384 2895 542 2961 erebrius
573 2914 678 2979 quam
703 2876 748 2958 is
773 2901 809 2956 et
832 2877 882 2958 -ἔθ
920 2893 958 2958 in
997 2914 1158 2958 sermone
1181 2893 1422 2960 Romanorum

246 3000 488 3083 adhibebatur,
521 3000 664 3067 evenire
686 3000 758 3065 iam
782 3006 934 3087 poterat,
966 3008 1004 3065 ut
1038 3000 1238 3066 litterarum
1261 3023 1290 3067 -s
1314 3011 1362 3069 est
1384 3001 1422 3067 in

244 3134 289 3193 at
310 3126 507 3192 contractio
531 3148 552 3191 a
569 3124 823 3212 compositione
847 3109 903 3192 -as
928 3133 975 3191 est
998 3124 1142 3191 initium
1158 3134 1311 3213 caperet.
1352 3126 1422 3192 Sed

245 3232 343 3299 aliud
367 3232 514 3318 accedit,
551 3231 644 3318 quod
674 3232 802 3298 summi
825 3232 864 3298 in
886 3231 953 3298 hac
976 3255 1015 3298 re
1038 3233 1209 3298 momenti
1245 3239 1308 3318 est,
1343 3233 1422 3300 dico

244 3340 397 3429 perfecti
419 3340 553 3428 passivi
575 3339 901 3407 conformationem.
949 3340 1102 3433 Necesse
1133 3340 1228 3405 enim
1260 3347 1346 3425 erat,
1381 3346 1422 3405 nt

243 3446 379 3515 formae
421 3451 536 3536 sactus
559 3470 603 3532 cs,
645 3449 760 3534 factm
790 3457 849 3526 est,
896 3449 1127 3529 laudatores,
1176 3448 1338 3514 laudatas
1362 3457 1421 3529 est,

247 3555 380 3621 similes
406 3555 529 3622 eodem
544 3577 690 3622 numero
714 3578 793 3621 cum
817 3555 944 3620 ceteris
960 3555 1147 3621 verborum
1170 3553 1292 3619 formis
1316 3553 1422 3620 habe·

243 3673 368 3730 rentur
390 3670 497 3750 atque
520 3684 663 3750 prorsus
695 3663 798 3750 quasi
832 3684 941 3728 unum
975 3663 1122 3730 verbum
1156 3684 1227 3728 non
1260 3661 1421 3727 enuntia-

243 3776 367 3836 rentur
390 3771 513 3855 solum,
548 3769 610 3836 sed
634 3770 741 3837 etiam
764 3769 1077 3856 intellegerentur3
1113 3791 1182 3855 qua
1214 3790 1253 3834 re
1286 3773 1421 3835 iactum

243 3883 307 3961 est,
331 3883 370 3943 ut
394 3877 520 3965 copula
544 3887 592 3945 est
614 3877 835 3965 loquentium
860 3885 896 3943 et
920 3877 1166 3944 enuntiatione
1192 3882 1228 3941 et
1252 3875 1420 3964 opinione

242 3984 354 4051 artius
378 3984 486 4050 etiam
522 4007 601 4052 cum
639 3984 828 4073 participio
857 3984 1130 4071 coniungeretur
1169 3991 1205 4049 et
1243 3983 1422 4071 propriam

242 4091 315 4159 vim
327 4092 442 4179 magis
453 4093 645 4179 amitteret,
670 4115 774 4179 quam
787 4092 825 4159 in
838 4094 921 4159 civis
938 4103 995 4175 est,
1019 4095 1136 4159 hortus
1149 4100 1206 4176 eet,
1232 4091 1417 4157 similibus.

243 4200 369 4285 ltaque
416 4201 743 4288 syllabarum
782 4201 833 4265 in
868 4224 944 4268 -us
986 4199 1280 4288 cadentium
1318 4219 1420 4264 cum

243 4318 314 4373 ast
360 4310 775 4374 contractionem
822 4307 1093 4374 abaltera
1140 4314 1191 4373 et
1237 4305 1420 4372 tertia

241 4414 508 4500 personis
553 4414 689 4500 sing.
737 4416 872 4501 peri.
918 4436 1054 4501 pass.
1103 4412 1418 4500 profectam
