3359 5117
724 407 943 481 ..62-

248 608 476 679 accedemus:
498 613 609 679 simile
632 622 681 680 est
703 632 767 700 pro
791 613 916 679 similis
940 619 989 680 est
1012 611 1276 700 antiquissimos
1299 618 1423 702 poetas

249 717 382 784 latinos
406 719 590 808 scripsisse
614 741 634 785 a
659 719 793 786 duobus
828 719 979 786 testibus
1001 719 1170 805 firmatur,
1206 742 1227 786 a
1250 742 1425 807 gramma·

169 890 173 898 ,
250 825 332 892 tisis
356 825 478 892 latinis
496 833 532 892 et
554 826 655 894 libris
678 828 940 915 manuscriptis.
987 827 1057 894 Sed
1092 827 1341 915 grammaticos
1365 828 1424 895 vel

251 955 372 999 eorum
395 940 557 1000 auctores
588 955 659 1001 non
694 934 765 1001 nisi
796 935 861 1001 hes
896 935 1026 1002 formes
1056 935 1198 1003 novisse
1221 957 1425 1023 persuasum

255 1040 391 1110 habeo:
419 1045 450 1123 1)
462 1045 587 1111 similis
597 1052 646 1111 est
663 1044 697 1122 2)
714 1046 867 1112 similest.
891 1044 1009 1129 Atque
1019 1044 1110 1111 hanc
1123 1042 1263 1129 quidem
1277 1044 1425 1109 alteram

252 1150 477 1235 grammatici
500 1144 639 1238 antiqui
662 1172 786 1239 parum
809 1160 974 1218 accurate
1003 1152 1055 1218 ita
1085 1151 1423 1240 interpretabantur,

250 1265 291 1323 ut
314 1266 472 1325 ueutrum
499 1281 567 1347 pro
589 1262 778 1327 mosculiuo
807 1263 961 1346 positum
973 1264 1004 1341 *)
1040 1282 1115 1326 esse
1140 1259 1299 1326 dicerent
1311 1281 1321 1344 3
1357 1280 1424 1344 quo

251 1364 384 1431 iactum
408 1373 471 1452 est,
494 1375 535 1433 ut
558 1367 680 1435 eodem
703 1367 817 1451 modo,
842 1390 909 1453 quo
934 1370 1078 1435 similest
1100 1367 1260 1435 neutrius
1285 1366 1425 1454 generis

215 1481 224 1496 ·
251 1471 485 1562 tormaphaeo
509 1496 646 1562 quoque
669 1475 707 1542 in
731 1478 843 1543 simile
866 1485 915 1544 est
949 1475 1134 1543 scribendo
1159 1474 1424 1542 distraheretur.

253 1580 351 1658 Quae
374 1603 452 1649 cnm
475 1581 527 1649 ita
550 1583 631 1668 sint,
667 1590 703 1649 et
726 1583 824 1650 illem
859 1583 1168 1669 grammaticorum
1202 1582 1426 1664 sententiam,

254 1688 414 1774 quamvis
435 1689 502 1766 vsit
539 1690 695 1777 antiqua,
736 1699 772 1757 et
806 1691 966 1758 codicum
1001 1690 1251 1757 auctoritatem
1286 1689 1425 1756 minimi

252 1794 422 1863 iaciemus
446 1804 483 1864 et
506 1797 655 1865 termam
677 1800 789 1866 simile
812 1809 861 1867 est
883 1797 997 1864 forma
1020 1799 1163 1866 similest
1185 1819 1257 1864 non
1280 1797 1426 1863 vetusti·

254 1924 361 1990 orem,
394 1905 456 1973 sed
479 1907 713 1974 recentiorem
748 1914 855 1993 atque
889 1907 988 1973 illam
1023 1928 1066 1972 ex
1100 1907 1167 1973 hao
1202 1913 1315 1972 ortam
1350 1926 1426 1972 esse

255 2034 360 2097 quam
376 2021 499 2081 contra
514 2021 640 2103 putare
657 2015 836 2082 malemus.
874 2014 1017 2082 Scilicet
1033 2013 1155 2080 eodem
1172 2013 1274 2081 modo
1291 2012 1428 2079 librarii

254 2119 362 2187 etism
383 2124 535 2210 volupest
566 2122 656 2190 falso
687 2123 726 2189 in
760 2124 882 2210 volupe
906 2131 955 2189 est
983 2121 1245 2208 distraxerunt3
1258 2122 1311 2202 **)
1344 2141 1427 2187 nam

253 2228 366 2315 volup,
388 2251 460 2296 non
483 2232 604 2318 volupe
626 2229 850 2297 scribendum
874 2252 950 2295 esse
974 2252 1017 2295 ex
1041 2229 1128 2296 locis
1163 2228 1235 2295 illis
1269 2235 1427 2316 apparet,

254 2335 380 2420 quibus
414 2337 453 2404 in
482 2360 604 2406 versus
636 2338 706 2405 fine
729 2337 885 2427 positum
909 2344 962 2405 est
985 2340 1033 2405 ist
1066 2339 1179 2424 volup,
1207 2338 1289 2424 fecit
1323 2338 1425 2422 volup

254 2442 330 2511 sim.
344 2445 415 2527 ***)
460 2445 583 2532 Neque
608 2445 718 2513 codex
742 2446 775 2512 A
797 2446 836 2513 in
859 2446 953 2512 huno
977 2465 1132 2512 errorem
1155 2443 1302 2527 incidit3
1327 2452 1427 2530 quat·

253 2557 334 2618 tuor
357 2553 509 2639 quidem,
533 2555 658 2642 quibus
681 2554 755 2641 legi
767 2560 895 2643 potest,
918 2553 1004 2620 loeis
1027 2560 1124 2620 recte
1147 2551 1427 2639 habetvolupest.

255 2660 367 2738 Quam
390 2682 466 2727 rem
488 2660 708 2729 Ritschelius
739 2684 826 2729 mus.
851 2662 949 2728 rhen.
974 2660 1043 2728 vol.
1067 2660 1138 2725 VII
1161 2681 1242 2747 pag.
1268 2659 1334 2726 319
1370 2681 1428 2725 ex·

253 2768 381 2856 posuit.
429 2768 473 2837 cl.
507 2770 615 2836 etiam
646 2793 698 2837 me
721 2772 762 2838 de
786 2790 856 2836 csse
890 2790 953 2856 pro
986 2770 1063 2835 med
1086 2789 1155 2835 esse
1178 2765 1306 2855 Amph.
1340 2766 1428 2849 435;

254 2876 382 2965 Amph.
407 2876 483 2945 958.

361 2984 464 3051 Licet
497 2984 609 3072 igitur
643 2985 739 3052 illius
777 2984 972 3073 scripturae
1007 2981 1199 3049 distractae
1233 2983 1345 3049 simile
1380 2989 1430 3049 est

255 3091 458 3159 testimonia
469 3093 678 3181 negleger03
708 3094 844 3159 termae
856 3099 975 3158 autem
986 3092 1095 3158 simili
1109 3099 1157 3157 est
1172 3089 1270 3156 nulla
1287 3088 1430 3155 omnino

255 3189 409 3286 vestigia
442 3200 683 3267 inveniuntur.
740 3201 875 3266 Tamen
911 3197 1004 3286 quod
1044 3196 1090 3264 ad
1129 3197 1243 3284 ipsam
1282 3198 1431 3263 termam

255 3309 398 3374 similest
421 3308 563 3389 attinet,
598 3330 639 3374 eo
662 3308 805 3375 maioris
841 3315 924 3373 sunt
957 3304 1128 3373 momenti
1151 3304 1244 3371 Noni
1268 3302 1429 3369 Marcelli

256 3416 471 3502 testimonia,
506 3415 600 3502 quod
623 3415 733 3482 codex
756 3414 1009 3482 Ambrosianus
1044 3412 1082 3479 in
1116 3412 1182 3479 hao
1219 3410 1430 3497 quaestione

256 3545 398 3613 prorsus
431 3545 494 3591 nos
526 3522 644 3590 deficit
667 3545 708 3589 ac
741 3544 787 3589 ne
821 3543 890 3588 uno
925 3519 1067 3607 quidem
1102 3519 1189 3601 loco,
1225 3517 1268 3584 de
1303 3518 1430 3604 quibus

257 3631 372 3699 acturi
395 3653 524 3712 sumus,
559 3631 633 3718 legi
655 3636 783 3718 potest.
830 3629 992 3695 Firmani
1016 3627 1111 3694 enim
1133 3626 1228 3693 inter
1251 3647 1299 3708 se,
1334 3647 1426 3712 quae

148 3787 149 3790 κ
255 3739 393 3807 Nonius
417 3745 453 3806 et
476 3738 614 3807 codices
637 3736 794 3804 Palatini
816 3735 919 3804 nobis
942 3733 1098 3802 tradunt.
1146 3733 1222 3800 Iam
1233 3731 1426 3817 videamus,

365 3992 393 4063 ²¹¹)
411 3992 523 4050 Nonius
541 4008 604 4065 pag.
626 3990 711 4062 198,„
730 3989 774 4047 ed.
792 3988 923 4058 Mueller,
943 3989 974 4043 et
991 3985 1069 4044 alibi.

365 4119 410 4190 **)
429 4119 533 4191 Amph.
553 4118 606 4174 958
624 4117 664 4188 P;
682 4116 710 4171 A
728 4135 755 4171 n.
774 4115 905 4186 1.;Ruu
926 4114 996 4169 1176
1015 4113 1055 4183 Β;
1073 4112 1146 4167 Rud.
1164 4112 1218 4167 892
1237 4109 1298 4168 OD.

349 4212 428 4316 sss)
446 4244 528 4300 Am,
555 4242 627 4315 9423
658 4242 752 4299 Oasin.
780 4240 835 4296 784
863 4240 982 4311 (volupe
1008 4238 1063 4313 P);
1091 4238 1166 4293 Men.
1185 4237 1255 4307 6773
1273 4236 1357 4292 Most.
1381 4234 1434 4298 153

262 4334 380 4413 (volupe
399 4332 518 4403 CDB.¹)·
