3359 5117
732 458 953 532 ..40-

384 666 454 732 Sed
478 687 654 752 magnam,
690 686 779 750 quae
817 665 865 728 sit
901 664 938 728 in
974 661 1040 728 hac
1075 686 1114 728 re
1149 663 1243 728 inter
1268 663 1453 729 Suevicam

277 775 613 860 Alemannicamque
638 772 807 837 dialectos
831 779 868 836 et
901 772 1061 858 linguam
1095 771 1254 852 latinam,
1291 770 1455 837 similitu-

279 884 396 949 dinem
431 878 712 950 commemoravi.
773 879 872 957 Quae
907 879 1065 966 profecto
1100 886 1201 945 tanta
1235 892 1299 958 est,
1335 889 1375 945 ut
1410 881 1456 945 ad

279 992 360 1058 illas
384 991 553 1057 dialectos
575 989 720 1075 linguae
752 989 887 1054 latinae
923 987 1082 1053 condicio
1122 988 1345 1073 aliquatenus
1371 987 1454 1052 defi-

277 1100 349 1166 niri
372 1109 408 1167 et
430 1099 517 1166 haec
540 1099 612 1165 illis
634 1098 806 1164 illustrari
829 1120 931 1185 posse
954 1097 1127 1162 videatur.
1175 1098 1222 1161 Et
1245 1097 1284 1162 in
1301 1096 1453 1162 dialecto

285 1208 427 1294 qnidam
450 1208 600 1273 Suevica
636 1212 686 1290 (et
709 1205 943 1272 Alemannica
967 1204 1057 1285 scil.)
1094 1226 1290 1270 consonans
1324 1206 1455 1271 nasalis

281 1324 344 1382 aut
375 1323 516 1381 servata
540 1320 604 1398 est,
639 1313 755 1379 vocali
790 1313 933 1399 quidem
956 1312 1187 1378 antecedente
1223 1323 1260 1377 et
1294 1312 1457 1401 ipseper

280 1445 384 1489 nares
409 1444 584 1510 expressa,
608 1429 670 1488 aut
694 1422 851 1505 evanuit,
881 1422 932 1486 ita
955 1429 995 1487 ut
1030 1421 1121 1486 nihil
1144 1421 1213 1485 nisi
1236 1429 1372 1487 mutata
1395 1444 1457 1487 vo·

277 1531 364 1596 calis
387 1531 568 1619 proximae
594 1530 791 1596 enuntiatio
825 1530 1096 1615 relinqueretur
1143 1529 1190 1594 At
1178 1538 1261 1616 tque
1284 1529 1351 1595 hae
1375 1552 1456 1596 con·

277 1637 417 1706 dicione
440 1639 583 1723 vocalis,
607 1659 698 1726 quae
723 1638 966 1723 antecedebat,
989 1639 1171 1725 producta,
1195 1638 1257 1703 illa
1280 1660 1351 1703 non
1375 1660 1454 1725 pro·

277 1764 383 1831 ducta
407 1775 482 1833 est:
516 1789 545 1834 e.
571 1789 620 1852 gr.
649 1766 754 1851 Krnk,
778 1765 840 1830 sed
863 1767 1011 1853 apim:
984 1764 1135 1849 -nudus,
1148 1763 1344 1845 nackend)
1311 1767 1455 1852 ),pfat,

277 1889 339 1957 sed
364 1874 468 1978 pfent
455 1894 500 1958 tle
528 1890 567 1979 (=
540 1892 704 1958 -lrleines
727 1891 865 1972 Pfand).
845 1895 900 1972 )*)
947 1892 1173 1957 Audaciusne
1198 1898 1262 1973 est,
1297 1891 1327 1955 si
1357 1889 1457 1955 difle-

277 2018 441 2103 rentiam,
464 2002 555 2104 quae
579 2018 657 2084 arat
682 2039 711 2084 e.
729 2039 781 2104 gr.
807 2018 902 2082 inter
925 2019 1094 2083 consuevit
1116 2017 1216 2103 infel
1202 2039 1243 2081 aar
1266 2022 1302 2082 et
1326 2038 1458 2082 concre-

273 2146 355 2230 puit
376 2127 533 2210 indoctus
556 2142 642 2225 (Cic
667 2166 716 2210 or
740 2143 904 2226 avius
932 2143 1006 2226 159)
1041 2142 1165 2209 eadem
1199 2144 1337 2210 ratione
1374 2144 1456 2209 illuc

275 2251 475 2335 referimus,
500 2250 594 2336 quod
609 2259 694 2318 anta
715 2276 733 2318 e
757 2259 794 2317 et
812 2255 831 2337 Γ
855 2273 1053 2318 consonans
1070 2251 1203 2317 nasalis
1219 2252 1334 2337 magis
1351 2273 1456 2336 quam

277 2365 361 2425 ante
387 2369 522 2426 ceteras
546 2368 780 2427 consonantes
805 2362 992 2427 obscurata
1027 2360 1105 2425 sit?
1152 2359 1351 2425 Adiuvatur
1375 2359 1457 2424 talis

281 2469 459 2535 sententia
497 2491 539 2535 aa
576 2491 626 2550 re,
665 2468 758 2556 quod
797 2476 881 2534 ante
919 2469 1033 2556 ipsam
1065 2467 1262 2534 alitteram
1300 2467 1457 2533 nasalem

281 2589 458 2662 postremo
482 2576 587 2663 plane
613 2577 799 2643 evanuisse
816 2583 976 2643 constat:
1000 2575 1083 2642 vide
1106 2580 1207 2642 vicies
1231 2583 1268 2641 et
1287 2577 1458 2662 formosus

281 2690 319 2748 et
343 2685 527 2771 Mepalesia
562 2692 598 2750 et
636 2685 716 2753 alia.
764 2686 886 2770 Neque
921 2707 1001 2751 raro
1041 2685 1079 2751 in
1119 2683 1272 2750 dialecto
1308 2683 1459 2750 Suevica

281 2790 449 2872 nasalem,
473 2815 552 2859 cam
568 2793 681 2859 altera
698 2814 894 2860 consonans
910 2793 1165 2878 insequeretur,
1189 2814 1331 2881 prorsus
1349 2790 1460 2857 inter·

281 2897 409 2966 cidisse
433 2899 637 2967 observavit
661 2900 806 2967 Oarolus
832 2900 1025 2967 Weinhold
1048 2900 1143 2986 libri,
1169 2901 1229 2987 qui
1252 2899 1459 2966 inscribitur

282 3006 543 3075 Alemanniscbe
560 3009 788 3095 Grammatilc,
812 3033 894 3098 pag.
923 3009 995 3076 169.
1035 3010 1167 3075 Contra
1190 3009 1314 3095 lingua
1337 3008 1460 3091 latina,

283 3136 351 3181 nec
384 3117 501 3182 minus
536 3137 674 3203 graeca,
706 3118 864 3183 litteram
887 3141 911 3184 n
944 3118 1179 3184 adulterinam
1207 3117 1246 3183 in
1275 3115 1371 3183 haud
1407 3116 1460 3180 ita

282 3244 393 3310 panca
416 3224 559 3290 nomina
586 3223 750 3294 induxit:
781 3225 881 3291 verbi
904 3226 1022 3312 gratia
1045 3228 1257 3308 thensaurus,
1293 3223 1337 3289 de
1361 3223 1460 3290 cuius

281 3330 379 3397 vocis
417 3331 556 3398 casibus
596 3332 705 3399 effuse
745 3333 821 3420 egit
858 3334 1056 3400 Guilelmus
1096 3333 1242 3399 Schulae
1282 3331 1460 3419 opusculo,

285 3439 379 3523 quod
418 3439 691 3527 Orttoprapln'cc
727 3440 910 3529 inscripsit
946 3440 1143 3527 (Marpurgi
1167 3439 1259 3506 Catt.
1287 3440 1462 3521 lebetes

282 3549 433 3613 occaneio
472 3547 644 3636 (Append.
684 3549 800 3615 Probi.
840 3548 892 3614 IV
928 3548 1028 3637 198,,ι
1057 3548 1116 3630 Κ.)
1156 3547 1275 3633 affero,
1312 3554 1353 3613 ut
1390 3546 1462 3611 alia

283 3653 456 3721 omittam.
504 3655 610 3722 Hand
633 3656 738 3722 aliter
761 3657 799 3722 in
823 3656 1019 3722 Suevorum
1044 3655 1195 3722 dialecto
1220 3677 1276 3721 ana
1301 3658 1462 3721 meinsten

283 3764 461 3841 unknnacb
485 3768 731 3852 (:impndicns)
754 3768 904 3832 deiciant
927 3768 1094 3849 (2patria)
1117 3767 1257 3851 sunfzan
1282 3767 1462 3851 (zpenrere)

290 3871 489 3957 similiaque
523 3874 655 3961 scripta
690 3874 987 3957 inveniuntur.**)
1034 3873 1260 3951 Quinetiam
1296 3874 1327 3938 si
1350 3872 1463 3960 ipsam

390 4070 418 4141 ¹¹¹)
439 4089 465 4128 v.
485 4069 532 4126 Fr.
550 4070 735 4139 Kauffmann,
754 4070 801 4126 die
820 4070 1016 4128 schwabiseha
1035 4069 1172 4125 Mandart
1190 4085 1256 4141 pag.
1278 4069 1338 4124 160.

391 4161 436 4230 ¹¹⁶⁶)
456 4179 483 4217 v.
504 4161 718 4217 Weinholdium
738 4162 756 4217 l.
776 4162 794 4217 l.
814 4166 830 4226 9
850 4162 919 4216 201:
939 4162 1003 4216 Der
1022 4161 1157 4216 Anaatoaa
1176 4180 1232 4216 von
1251 4157 1464 4226 atcmmltaftem

284 4272 303 4305 n
322 4251 362 4321 [in
381 4252 432 4306 der
451 4250 560 4308 Schrift
578 4253 657 4322 scill,
677 4255 729 4308 der
749 4254 809 4308 sicle
828 4254 1017 4320 praesentetis
1035 4271 1092 4306 nar
1111 4253 1158 4307 ala
1177 4254 1239 4305 cine
1259 4251 1464 4318 Neocliernnp

287 4344 435 4398 desselben
454 4346 556 4414 erqibt,
575 4363 637 4399 anm
660 4346 723 4399 Tan
743 4346 813 4398 aber
832 4345 906 4398 auct
921 4363 973 4398 aar
993 4344 1161 4398 wirklz'cben
1180 4342 1353 4412 Anfhebnnq
1367 4340 1464 4409 silleri,
