3359 5117
710 428 928 503 ...58-

238 640 353 718 optum
377 641 425 700 eat
459 630 531 718 01),
570 632 603 699 A
638 631 758 720 deest;
805 634 940 722 *Epiri
963 637 1052 703 461:
1097 660 1165 704 non
1210 641 1269 726 eet]
1317 648 1416 707 nouat

240 738 303 806 BE
363 738 438 824 (OD
485 738 647 823 desunt);
704 740 797 807 Men.
843 742 930 813 498:
986 766 1106 811 nomen
1151 747 1254 833 tibist]
1301 750 1358 815 -iat
1382 746 1417 814 A

238 843 303 915 tibi
339 857 489 916 amoenat
523 848 568 914 B¹
618 851 681 916 tibi
729 872 849 917 nomen
887 854 933 918 ait
983 851 1111 935 ODB23
1166 855 1281 923 *Mil
1327 854 1415 921 964:
1542 839 1545 845 ¹

234 964 420 1043 nuptaneat
452 979 500 1024 an
533 958 649 1043 viduo]
683 968 848 1045 nuptanat
895 962 1001 1027 vidua
1036 959 1067 1026 Β
1101 966 1413 1049 nupturistaouida

236 1063 308 1149 OD,
344 1064 377 1131 A
399 1087 433 1132 n.
457 1065 492 1151 l.,
527 1065 633 1133 Mero.
670 1067 757 1134 884:
792 1068 908 1152 miser]
934 1066 963 1131 B
999 1090 1042 1133 ex
1077 1090 1175 1155 corr„
1209 1074 1346 1138 miseret
1381 1072 1409 1138 O

234 1175 338 1240 miser
361 1180 411 1240 eat
434 1173 491 1259 13¹,
515 1173 547 1240 A
570 1197 605 1241 n.
629 1175 652 1241 1.

343 1298 479 1377 Quibus
501 1298 588 1365 loeis
605 1299 766 1366 omnibus
773 1300 879 1387 plena
892 1300 1029 1386 syllaba
1041 1311 1089 1369 est
1102 1303 1147 1368 ad
1159 1309 1311 1370 metrum
1323 1313 1406 1393 apte

235 1405 458 1490 eonvenit‘);
482 1406 554 1472 illis
578 1407 676 1487 locis,
700 1429 786 1493 quos
810 1408 980 1474 asterisco
1003 1410 1138 1495 notavi,
1161 1413 1405 1498 pronuntiatio

235 1520 417 1582 eontracta
439 1515 517 1603 ipso
540 1521 653 1581 metro
686 1536 757 1581 non
782 1514 1004 1598 admittitur;
1038 1538 1106 1602 qua
1140 1539 1179 1583 re
1213 1518 1277 1583 has
1302 1520 1410 1607 serip-

117 1691 119 1694 .
235 1629 333 1690 turae
356 1645 428 1689 non
451 1622 497 1688 ad
518 1622 853 1710 pronuntiationem,
888 1622 951 1687 sed
984 1622 1030 1689 ad
1064 1623 1288 1691 librariorum
1325 1626 1411 1693 rati·

235 1752 338 1797 onem
361 1728 539 1796 seribendi
560 1735 701 1796 tantum
724 1735 884 1817 spectare
908 1730 1135 1817 conspicuum
1160 1738 1223 1798 est.
1271 1733 1410 1800 Oertius

235 1838 344 1906 etiam
367 1858 472 1923 quam
495 1836 623 1904 ueteris
646 1836 815 1923 exemplis
839 1836 993 1903 lectione
1017 1846 1163 1922 optarant
1187 1837 1300 1922 (Asin.
1326 1842 1405 1922 785)

235 1944 400 2013 doeemur
422 1945 606 2013 librarium
628 1943 684 2010 his
707 1943 792 2011 loois
816 1944 921 2031 plane
943 1954 1006 2011 -est
1028 1945 1102 2032 legi
1132 1944 1295 2033 voluisse,
1331 1971 1410 2016 oum

233 2074 297 2142 per
312 2053 615 2121 abbreviationem
637 2061 680 2120 ut
703 2052 882 2119 seriberet.
929 2053 1020 2119 Nam
1035 2060 1169 2139 optume
1193 2064 1241 2122 eat
1263 2053 1303 2121 in
1315 2064 1411 2142 optu-

233 2171 317 2229 mest
340 2168 558 2228 oontraotum
581 2182 685 2249 porro
709 2170 855 2247 optumat
868 2160 1091 2226 enuntiatum
1104 2163 1409 2235 essanemoiudi·

235 2270 354 2354 oabit;
377 2291 492 2356 neque
515 2276 664 2356 optarant
686 2267 811 2335 calami
828 2289 945 2333 errore
958 2268 1016 2333 vel
1031 2290 1094 2355 per
1106 2267 1410 2357 haplographiam,

234 2398 324 2464 quae
348 2376 488 2463 dieitur,
511 2400 555 2444 ex
577 2384 780 2463 optumumst
815 2383 931 2442 ortum
956 2398 1031 2441 ease
1054 2384 1181 2463 potest,
1216 2399 1294 2443 oum
1317 2388 1410 2464 optu-

232 2508 324 2551 mum
348 2495 396 2553 eat
417 2484 549 2552 locutio
573 2507 594 2551 a
616 2485 742 2550 Plauto
766 2482 883 2549 aliena
908 2482 966 2567 sit,
1001 2482 1062 2568 qni
1085 2505 1222 2570 semper
1245 2494 1409 2570 optumeet

234 2591 411 2676 dixerit.*)
468 2592 600 2659 Contra
635 2600 799 2678 optumeet
837 2590 974 2677 syllaba
1009 2614 1079 2656 -um
1115 2590 1336 2678 reduplicata
1370 2592 1409 2659 in

233 2709 471 2787 optumumst
489 2698 654 2766 transiit:
678 2699 723 2765 ol.
744 2696 854 2763 Stich.
874 2696 961 2763 537:
985 2697 1161 2783 optumas]
1175 2700 1217 2783 A,
1235 2708 1408 2784 optumum

233 2816 282 2876 eat
303 2808 354 2895 1³3
376 2806 503 2876 Baooh.
521 2806 607 2875 502:
630 2806 806 2893 optarant]
828 2807 867 2892 P,
890 2816 1063 2892 optumam
1086 2815 1134 2872 eet
1153 2804 1195 2874 A.

340 2934 395 3001 Ex
417 2932 473 3000 his
496 2933 608 3021 igitur
624 2933 711 3000 loeis
727 2933 864 2999 nullum
880 2931 1133 2998 adminiculum
1149 2931 1266 2998 extrui
1288 2940 1408 3019 potest

233 3042 434 3111 sententiae
462 3063 593 3129 eorum,
616 3041 677 3128 qui
691 3042 858 3107 Plautum
882 3039 989 3105 etiam
1012 3045 1093 3126 post
1115 3061 1132 3104 o
1155 3047 1407 3107 oonsonantem

233 3161 282 3220 eat
304 3151 465 3219 voculam
499 3149 702 3217 decurtasse
737 3154 873 3237 putent.
921 3147 1020 3225 Quae
1055 3147 1234 3213 sententia
1268 3155 1409 3235 praeter

232 3259 322 3326 alios
345 3279 366 3324 a
389 3261 426 3325 F.
452 3255 594 3324 Osanno
620 3257 706 3341 (Oia.
732 3256 775 3323 de
798 3278 872 3344 rep,
896 3277 977 3343 pag.
1001 3252 1081 3337 482)
1111 3255 1259 3342 probata
1282 3277 1303 3321 a
1326 3254 1407 3320 Rit-

232 3366 364 3435 sohelio
402 3361 490 3433 iure
517 3364 674 3432 refutata
712 3369 777 3447 est,
815 3361 877 3448 qni
916 3360 1004 3428 dioit
1039 3383 1157 3448 opuso.
1191 3361 1229 3426 ΙΙ
1261 3385 1295 3449 p.
1320 3361 1407 3427 616:

232 3477 361 3544 Falaob
384 3478 438 3560 iat,
460 3496 556 3541 werra
573 3474 690 3541 Osann
706 3473 806 3553 lehre,
830 3471 979 3537 Plantae
995 3471 1080 3535 boba
1095 3470 1151 3534 die
1167 3470 1408 3536 borboriacben

238 3585 422 3674 Unformen
445 3581 570 3669 ,illicet‘
594 3582 666 3648 aad
681 3581 822 3667 ,intuort‘
840 3579 1010 3644 braucten
1026 3578 1169 3643 kinnor.
1209 3575 1280 3643 Sed
1295 3597 1408 3664 nuper

339 3799 367 3869 *J
385 3799 521 3870 Exceptis
538 3798 614 3853 Men
633 3795 687 3853 498
705 3798 735 3851 et
752 3794 838 3851 Mero.
858 3793 920 3861 884,
947 3794 978 3847 in
996 3809 1069 3863 quos
1087 3811 1188 3849 versus
1208 3794 1303 3847 errata
1322 3809 1407 3863 quae-

232 3890 299 3949 dam
318 3892 501 3962 irrepserunt.
539 3888 595 3953 Qui
614 3905 693 3943 error
706 3886 778 3941 Men.
798 3884 853 3939 498
871 3900 961 3955 prava
973 3882 1125 3940 verborum
1144 3883 1315 3949 inversione,
1333 3898 1406 3952 quae

232 3980 406 4040 creberrima
433 3981 464 4034 in
488 3975 570 4033 libris
588 3974 730 4033 Plautinis
757 3977 844 4040 extat,
870 3978 955 4029 natus
980 3975 1030 4044 eat,
1059 3991 1124 4029 oum
1142 3973 1229 4029 Mero.
1249 3971 1304 4026 884
1322 3970 1407 4025 libra-

231 4073 292 4127 rius
310 4071 348 4127 ad
368 4070 446 4135 Quid
463 4071 507 4125 iot·
518 4065 664 4137 fureres?
683 4095 715 4106 -
739 4065 822 4129 Quod
848 4065 937 4119 mirer
963 4064 1036 4133 (soil.
1057 4062 1150 4133 facit)
1175 4062 1247 4116 illud
1275 4061 1329 4117 eet'
1343 4078 1406 4131 per-

232 4179 331 4236 peram
350 4160 498 4216 adiecerit.

339 4268 384 4340 ¹¹¹¹¹)
402 4268 463 4324 Leo
482 4267 520 4322 ad
538 4266 620 4338 Cant.
641 4267 691 4322 10:
710 4270 857 4337 optumum
874 4262 978 4317 Plauto
994 4245 1030 4310 τό
1048 4244 1173 4328 ἄρῑῧτθν
1190 4263 1251 4329 est,
1266 4263 1407 4330 optumeet

231 4384 269 4419 =
291 4359 446 4426 κάλλιότα
470 4360 547 4445 ἔχει.
