3359 5117
704 452 918 520 ..28-

213 653 318 740 ychen
340 653 457 737 wollte,
481 652 672 718 nazaretea
695 653 749 717 iat.
795 651 942 718 Pr0rsus
978 650 1101 717 eadem
1134 650 1178 718 de
1205 654 1336 739 factast
1358 659 1396 718 et

212 763 368 848 factabat
390 757 462 826 dici
484 765 642 847 possunt.
689 757 758 825 Ter
782 758 890 825 etiam
926 758 1020 847 apud
1044 760 1212 826 Plautum
1241 763 1396 849 fanestra

216 866 420 935 trochaeum
456 866 576 955 explet
610 865 726 933 (lasin.
767 866 849 951 132;
885 866 959 933 Mil.
996 866 1082 950 379;
1115 866 1208 934 Rnd.
1233 865 1298 934 88:
1331 867 1395 934 sed

215 981 334 1041 utrum
346 974 459 1041 altera
475 972 808 1079 syllabahspllabae
824 972 943 1040 brevis
968 974 1172 1061 breviantis,
1197 997 1286 1062 quae
1304 975 1391 1041 dici-

218 1087 287 1159 tur‚
310 1081 348 1147 vi
363 1088 525 1169 correpta
550 1089 587 1148 et
605 1085 759 1171 fenestra
783 1080 970 1147 dicendum
994 1103 1039 1148 an
1063 1082 1209 1148 alterius
1235 1083 1397 1171 syllabae

214 1188 348 1257 vocalis
372 1211 559 1278 suppressa
584 1197 620 1256 et
639 1189 809 1278 fe(a)atra
832 1188 1048 1256 efferendum
1072 1191 1128 1275 sit,
1151 1212 1222 1257 non
1242 1197 1394 1259 constat.

215 1296 336 1364 Etiam
358 1297 397 1364 iu
420 1297 490 1365 fine
513 1296 763 1365 vocabulorum
786 1297 929 1363 litterae
952 1320 992 1363 -a
1017 1307 1053 1363 et
1075 1289 1122 1364 -m
1139 1297 1262 1365 ecdem
1278 1298 1393 1384 modo,

215 1425 283 1491 quo
307 1404 345 1471 in
369 1404 495 1471 mediis
519 1404 647 1490 verbis,
670 1404 959 1490 obscurabantur,
992 1407 1023 1471 si
1046 1428 1125 1492 vox,
1156 1428 1245 1493 quae
1269 1428 1393 1493 seque·

214 1512 329 1598 batur,
352 1534 374 1579 a
397 1520 613 1579 consonante
636 1512 781 1579 initium
804 1513 977 1600 capiebat.
1023 1514 1149 1601 Itaque
1173 1515 1394 1581 invenimus:

219 1617 298 1686 OIL
329 1619 367 1686 II
402 1620 447 1686 70
479 1642 545 1688 can
571 1622 673 1709 filia5
700 1620 733 1687 V
759 1621 845 1686 1705
878 1642 965 1708 qaeu
984 1624 1074 1710 feci5
1110 1621 1157 1688 ib.
1190 1621 1278 1687 6547
1308 1643 1395 1708 paea

215 1728 310 1812 vice5
345 1728 432 1794 4754
467 1749 559 1815 quaa
579 1730 743 1817 floridos:
775 1727 865 1794 4410
898 1739 959 1797 tac
977 1737 1105 1816 pareat
1128 1738 1189 1795 ica
1212 1751 1268 1796 ros
1292 1728 1335 1811 (l)
1360 1736 1396 1794 et

215 1833 346 1901 similia
358 1856 369 1920 3
401 1837 564 1923 forsitam
586 1856 650 1924 pro
670 1839 822 1924 fcreitaa
856 1857 961 1923 saepe
996 1837 1166 1924 scriptum
1202 1842 1258 1902 est
1280 1841 1327 1920 (v.
1354 1834 1393 1903 Ο.

215 1940 378 2010 Ribbeck
409 1941 447 2009 in
471 1942 647 2011 Ritscheli
670 1964 788 2032 opusc.
812 1944 850 2009 Π
873 1942 1007 2027 5ΊΟ);*)
1033 1942 1110 2009 oth
1139 1944 1157 2009 Ι
1190 1966 1223 2031 p.
1250 1942 1325 2029 338,
1348 1966 1395 2029 ,ιι

216 2071 381 2139 aaapaem
415 2053 489 2118 dies
523 2057 567 2132 (a.
592 2049 659 2118 354
681 2074 715 2140 p.
741 2051 836 2133 chr.)
849 2073 860 2137 3
893 2050 938 2118 ad
962 2072 1066 2138 quam
1089 2050 1239 2117 formam
1264 2051 1394 2117 Mauri·

218 2157 290 2225 tius
306 2158 430 2247 Haupt
452 2158 612 2229 confert:
635 2161 772 2248 taquam
795 2181 961 2247 aequoreo,
985 2159 1077 2246 quod
1094 2159 1131 2225 in
1148 2158 1269 2226 codice
1287 2159 1396 2226 Fron·

217 2263 323 2351 tonis,
347 2287 401 2354 ep.
425 2266 473 2333 ad
495 2266 602 2335 Marc.
627 2266 727 2335 ans.
753 2267 786 2334 V
807 2313 849 2354 u,
874 2268 1037 2348 extat.**)

323 2373 513 2461 Hucusque
537 2396 668 2461 omnes,
691 2383 862 2462 quantum
884 2374 1001 2460 video,
1036 2374 1107 2441 viri
1131 2374 1228 2441 docti
1250 2396 1396 2441 consen·

216 2477 322 2548 tiunt.
367 2479 493 2568 Itaque
516 2504 594 2549 cum
614 2486 780 2571 factumst
802 2482 861 2550 vel
880 2486 1035 2572 factabat
1050 2482 1108 2549 vel
1127 2486 1257 2572 factast
1273 2482 1395 2550 eadem

217 2585 356 2654 ratione
381 2587 637 2656 enuntiandum
661 2610 737 2657 esse
761 2596 943 2679 appareat,
967 2612 1035 2680 qua
1052 2611 1184 2676 semper
1199 2591 1257 2657 vel
1273 2612 1395 2678 reaper

217 2693 275 2761 vel
298 2716 405 2781 repar,
423 2698 671 2782 piemtirsimaa
694 2734 738 2745 -
755 2700 994 2784 pientissimus
1007 2735 1047 2746 -
1056 2700 1280 2784 plerissimus,
1303 2720 1397 2764 moa·

217 2810 328 2871 atram
338 2842 379 2852 -
390 2814 555 2873 mearam
566 2804 778 2892 similiaque,
795 2804 965 2892 equidem
982 2805 1020 2872 in
1031 2802 1243 2894 factumest
1258 2827 1396 2892 quoque

217 2934 252 2977 m
275 2920 527 2979 consonantem
550 2934 664 3000 neque
687 2914 781 2980 clare
805 2934 1006 3001 expressam
1023 2935 1137 3000 neque
1154 2934 1238 2979 vero
1252 2934 1395 3001 prorsus

220 3018 372 3087 eiectam
396 3041 482 3106 esse,
512 3019 620 3088 immo
644 3020 868 3088 imminutam
892 3026 930 3086 et
952 3020 1173 3088 obscuratam
1205 3042 1281 3087 esse
1306 3019 1395 3087 dico.

324 3126 478 3195 Maxima
502 3134 621 3195 antem
649 3134 703 3195 est
728 3127 901 3195 dissensio
937 3128 1032 3195 inter
1065 3128 1161 3197 viros
1197 3126 1329 3214 doctos,
1365 3127 1396 3193 si

219 3234 429 3322 quaerimus,
453 3256 605 3322 quonam
620 3235 723 3302 modo
745 3236 891 3304 litterae
905 3236 1045 3303 nasales
1061 3259 1085 3302 a
1102 3247 1138 3302 et
1160 3260 1204 3322 m,
1228 3236 1259 3301 si
1275 3237 1396 3303 obscu-

217 3343 396 3426 rabantur,
418 3342 492 3410 sint
514 3342 731 3412 enuntiatae.
777 3344 916 3412 Primus
941 3344 1035 3411 enim
1059 3344 1164 3431 Hugc
1177 3343 1397 3411 Schuchardt
1510 3363 1515 3368 ”

217 3450 313 3537 libri,
348 3451 408 3538 qui
442 3450 648 3518 inscribitur
683 3450 745 3518 der
770 3450 995 3519 Vohalismus
1030 3452 1091 3519 des
1122 3451 1397 3539 Vulgtrlateins,

219 3559 287 3628 vel.
311 3561 327 3626 I
350 3581 456 3648 pagg.
497 3560 681 3647 110-112,
722 3560 850 3627 deinde
888 3561 1071 3628 Johannes
1107 3559 1270 3628 Schmidt
1304 3559 1397 3646 libri,

219 3668 283 3755 qni
319 3668 528 3736 inscribitur
577 3668 648 3735 Zur
687 3666 901 3736 Geschichte
939 3667 1002 3735 des
1040 3667 1397 3756 indegermanischen

326 3974 354 4044 *l
374 3974 450 4041 Quin
470 3977 561 4033 altera
586 3976 695 4035 formae
707 3978 827 4048 farsam
846 3978 957 4050 syllaba
984 3978 1016 4032 in
1033 3975 1160 4034 Senecae
1179 3978 1264 4033 Here.
1285 3974 1349 4033 Oet.
1368 3994 1396 4032 v.

218 4065 272 4121 574
291 4066 483 4137 synaloephae
493 4068 523 4124 vi
542 4068 613 4123 elisa
626 4085 688 4124 esse
702 4067 831 4125 videtur:
851 4068 888 4124 ef.
899 4067 981 4124 Aem.
1001 4066 1193 4136 Achermann,
1212 4067 1257 4123 De
1270 4064 1398 4123 Senecae

219 4154 345 4211 Hercule
366 4153 474 4213 Oetaeo
494 4156 597 4228 (Marp.
617 4155 701 4226 1905)
720 4174 786 4229 pag.
806 4157 851 4213 a1.

325 4241 370 4314 **)
389 4244 496 4315 Naber,
528 4246 701 4303 novissimus
732 4246 887 4304 Frontonis
918 4248 1020 4315 editor,
1052 4247 1125 4302 hanc
1156 4248 1309 4303 lectionem
1340 4263 1398 4302 non

219 4335 358 4393 encbvit.
