<?xml version="1.0" encoding="UTF-8"?>
<!DOCTYPE html PUBLIC "-//W3C//DTD XHTML 1.0 Transitional//EN"
    "http://www.w3.org/TR/xhtml1/DTD/xhtml1-transitional.dtd">
<html xmlns="http://www.w3.org/1999/xhtml" xml:lang="en" lang="en">
 <head>
  <title>
</title>
<meta http-equiv="Content-Type" content="text/html;charset=utf-8" />
  <meta name='ocr-system' content='tesseract 3.04.00' />
  <meta name='ocr-capabilities' content='ocr_page ocr_carea ocr_par ocr_line ocrx_word'/>
</head>
<body>
  <div class='ocr_page' id='page_1' title='image "./decopulaeestaph00bringoog_0117.png"; bbox 0 0 3359 5117; ppageno 0'>
   <div class='ocr_carea' id='block_1_1' title="bbox 635 1651 935 1811">
    <p class='ocr_par' dir='ltr' id='par_1_1' title="bbox 635 1651 935 1811">
     <span class='ocr_line' id='line_1_1' title="bbox 635 1651 935 1811; baseline 0.003 -1"><span class='ocrx_word' id='word_1_1' title='bbox 635 1651 935 1811; x_wconf 67' lang='lat' dir='ltr'>utta,</span> 
     </span>
    </p>
   </div>
   <div class='ocr_carea' id='block_1_2' title="bbox 194 1941 1376 4391">
    <p class='ocr_par' dir='ltr' id='par_1_2' title="bbox 194 1941 1376 4391">
     <span class='ocr_line' id='line_1_2' title="bbox 304 1941 1374 2027; baseline 0.001 -20"><span class='ocrx_word' id='word_1_2' title='bbox 304 1943 416 2009; x_wconf 87' lang='lat' dir='ltr'>Natus</span> <span class='ocrx_word' id='word_1_3' title='bbox 456 1966 532 2009; x_wconf 89' lang='lat' dir='ltr'>sum</span> <span class='ocrx_word' id='word_1_4' title='bbox 573 1941 657 2007; x_wconf 90' lang='lat' dir='ltr'>Otto</span> <span class='ocrx_word' id='word_1_5' title='bbox 702 1941 921 2007; x_wconf 88' lang='lat' dir='ltr'>Brinkmann</span> <span class='ocrx_word' id='word_1_6' title='bbox 961 1941 1175 2027; x_wconf 88' lang='lat' dir='ltr'>Hosteddae,</span> <span class='ocrx_word' id='word_1_7' title='bbox 1216 1944 1254 2008; x_wconf 90' lang='lat' dir='ltr'>in</span> <span class='ocrx_word' id='word_1_8' title='bbox 1295 1943 1374 2010; x_wconf 88' lang='lat' dir='ltr'>vico</span> 
     </span>
     <span class='ocr_line' id='line_1_3' title="bbox 199 2048 1375 2138; baseline 0.001 -24"><span class='ocrx_word' id='word_1_9' title='bbox 199 2048 466 2137; x_wconf 80' lang='lat' dir='ltr'>Guestphaliae‚</span> <span class='ocrx_word' id='word_1_10' title='bbox 491 2050 548 2115; x_wconf 87' lang='lat' dir='ltr'>die</span> <span class='ocrx_word' id='word_1_11' title='bbox 564 2049 665 2113; x_wconf 80' lang='lat' dir='ltr'><strong>XXI.</strong></span> <span class='ocrx_word' id='word_1_12' title='bbox 682 2048 813 2114; x_wconf 78' lang='lat' dir='ltr'><strong>mensis</strong></span> <span class='ocrx_word' id='word_1_13' title='bbox 830 2048 1047 2136; x_wconf 80' lang='lat' dir='ltr'><strong>Septembris</strong></span> <span class='ocrx_word' id='word_1_14' title='bbox 1068 2050 1151 2115; x_wconf 87' lang='lat' dir='ltr'>anni</span> <span class='ocrx_word' id='word_1_15' title='bbox 1170 2049 1257 2116; x_wconf 79' lang='lat'>1882</span> <span class='ocrx_word' id='word_1_16' title='bbox 1273 2057 1375 2138; x_wconf 87' lang='lat' dir='ltr'>patre</span> 
     </span>
     <span class='ocr_line' id='line_1_4' title="bbox 197 2155 1376 2243; baseline 0.001 -22"><span class='ocrx_word' id='word_1_17' title='bbox 197 2155 393 2230; x_wconf 80' lang='lat' dir='ltr'>Friderico.</span> <span class='ocrx_word' id='word_1_18' title='bbox 432 2164 544 2222; x_wconf 89' lang='lat' dir='ltr'>matre</span> <span class='ocrx_word' id='word_1_19' title='bbox 580 2155 762 2222; x_wconf 86' lang='lat' dir='ltr'>Ludovica</span> <span class='ocrx_word' id='word_1_20' title='bbox 802 2178 820 2220; x_wconf 91' lang='lat' dir='ltr'>e</span> <span class='ocrx_word' id='word_1_21' title='bbox 855 2163 962 2242; x_wconf 83' lang='lat' dir='ltr'>gente</span> <span class='ocrx_word' id='word_1_22' title='bbox 1002 2155 1213 2243; x_wconf 86' lang='lat' dir='ltr'>Lippmann.</span> <span class='ocrx_word' id='word_1_23' title='bbox 1272 2157 1376 2223; x_wconf 85' lang='lat' dir='ltr'>Fidei</span> 
     </span>
     <span class='ocr_line' id='line_1_5' title="bbox 197 2262 1375 2352; baseline 0.002 -24"><span class='ocrx_word' id='word_1_24' title='bbox 197 2262 359 2330; x_wconf 86' lang='lat' dir='ltr'>addictus</span> <span class='ocrx_word' id='word_1_25' title='bbox 398 2287 474 2331; x_wconf 87' lang='lat' dir='ltr'>sum</span> <span class='ocrx_word' id='word_1_26' title='bbox 514 2264 751 2351; x_wconf 87' lang='lat' dir='ltr'>evangelicae.</span> <span class='ocrx_word' id='word_1_27' title='bbox 810 2262 929 2329; x_wconf 86' lang='lat' dir='ltr'>Ludos</span> <span class='ocrx_word' id='word_1_28' title='bbox 964 2265 1190 2349; x_wconf 65' lang='lat' dir='ltr'>frequentavi</span> <span class='ocrx_word' id='word_1_29' title='bbox 1222 2264 1375 2352; x_wconf 87' lang='lat' dir='ltr'>primum</span> 
     </span>
     <span class='ocr_line' id='line_1_6' title="bbox 197 2371 1376 2460; baseline 0 -23"><span class='ocrx_word' id='word_1_30' title='bbox 197 2371 268 2437; x_wconf 87' lang='lat' dir='ltr'>vici</span> <span class='ocrx_word' id='word_1_31' title='bbox 283 2371 402 2459; x_wconf 84' lang='lat' dir='ltr'>patrii,</span> <span class='ocrx_word' id='word_1_32' title='bbox 427 2371 555 2439; x_wconf 87' lang='lat' dir='ltr'>deinde</span> <span class='ocrx_word' id='word_1_33' title='bbox 572 2373 694 2460; x_wconf 84' lang='lat' dir='ltr'>oppidi</span> <span class='ocrx_word' id='word_1_34' title='bbox 717 2371 869 2459; x_wconf 87' lang='lat' dir='ltr'>proximi</span> <span class='ocrx_word' id='word_1_35' title='bbox 884 2371 1090 2457; x_wconf 86' lang='lat' dir='ltr'>Luanensis,</span> <span class='ocrx_word' id='word_1_36' title='bbox 1115 2371 1227 2438; x_wconf 89' lang='lat' dir='ltr'>donec</span> <span class='ocrx_word' id='word_1_37' title='bbox 1250 2393 1376 2460; x_wconf 86' lang='lat' dir='ltr'>paron·</span> 
     </span>
     <span class='ocr_line' id='line_1_7' title="bbox 197 2478 1374 2567; baseline 0.002 -24"><span class='ocrx_word' id='word_1_38' title='bbox 197 2483 251 2543; x_wconf 90' lang='lat' dir='ltr'>tes</span> <span class='ocrx_word' id='word_1_39' title='bbox 286 2501 341 2544; x_wconf 89' lang='lat' dir='ltr'>me</span> <span class='ocrx_word' id='word_1_40' title='bbox 379 2502 487 2567; x_wconf 90' lang='lat' dir='ltr'>puero</span> <span class='ocrx_word' id='word_1_41' title='bbox 524 2479 644 2546; x_wconf 86' lang='lat' dir='ltr'>decom</span> <span class='ocrx_word' id='word_1_42' title='bbox 679 2502 852 2546; x_wconf 87' lang='lat' dir='ltr'>annorum</span> <span class='ocrx_word' id='word_1_43' title='bbox 876 2479 1043 2546; x_wconf 84' lang='lat' dir='ltr'>Susatum</span> <span class='ocrx_word' id='word_1_44' title='bbox 1079 2501 1115 2545; x_wconf 93' lang='lat' dir='ltr'>se</span> <span class='ocrx_word' id='word_1_45' title='bbox 1140 2478 1374 2546; x_wconf 87' lang='lat' dir='ltr'>contulerunt.</span> 
     </span>
     <span class='ocr_line' id='line_1_8' title="bbox 197 2586 1376 2673; baseline 0.003 -23"><span class='ocrx_word' id='word_1_46' title='bbox 197 2587 264 2651; x_wconf 90' lang='lat' dir='ltr'>Per</span> <span class='ocrx_word' id='word_1_47' title='bbox 289 2607 417 2652; x_wconf 91' lang='lat' dir='ltr'>novem</span> <span class='ocrx_word' id='word_1_48' title='bbox 442 2610 552 2653; x_wconf 88' lang='lat' dir='ltr'>annos</span> <span class='ocrx_word' id='word_1_49' title='bbox 577 2587 661 2653; x_wconf 86' lang='lat' dir='ltr'>inda</span> <span class='ocrx_word' id='word_1_50' title='bbox 696 2588 740 2654; x_wconf 90' lang='lat' dir='ltr'>ab</span> <span class='ocrx_word' id='word_1_51' title='bbox 777 2610 870 2654; x_wconf 89' lang='lat' dir='ltr'>anno</span> <span class='ocrx_word' id='word_1_52' title='bbox 898 2587 982 2654; x_wconf 83' lang='lat'>1893</span> <span class='ocrx_word' id='word_1_53' title='bbox 1007 2607 1117 2673; x_wconf 86' lang='lat' dir='ltr'>usquo</span> <span class='ocrx_word' id='word_1_54' title='bbox 1151 2586 1195 2652; x_wconf 92' lang='lat' dir='ltr'>ad</span> <span class='ocrx_word' id='word_1_55' title='bbox 1231 2609 1261 2653; x_wconf 93' lang='lat' dir='ltr'>a.</span> <span class='ocrx_word' id='word_1_56' title='bbox 1290 2586 1376 2653; x_wconf 74' lang='lat'>1902</span> 
     </span>
     <span class='ocr_line' id='line_1_9' title="bbox 199 2693 1374 2780; baseline 0.002 -23"><span class='ocrx_word' id='word_1_57' title='bbox 199 2693 385 2760; x_wconf 87' lang='lat' dir='ltr'>institutus</span> <span class='ocrx_word' id='word_1_58' title='bbox 409 2717 485 2760; x_wconf 88' lang='lat' dir='ltr'>sum</span> <span class='ocrx_word' id='word_1_59' title='bbox 508 2696 546 2759; x_wconf 91' lang='lat' dir='ltr'>in</span> <span class='ocrx_word' id='word_1_60' title='bbox 563 2696 748 2780; x_wconf 88' lang='lat' dir='ltr'>gymnasio</span> <span class='ocrx_word' id='word_1_61' title='bbox 764 2694 868 2761; x_wconf 90' lang='lat' dir='ltr'>huius</span> <span class='ocrx_word' id='word_1_62' title='bbox 884 2696 991 2778; x_wconf 87' lang='lat' dir='ltr'>urbis,</span> <span class='ocrx_word' id='word_1_63' title='bbox 1016 2695 1108 2780; x_wconf 87' lang='lat' dir='ltr'>quod</span> <span class='ocrx_word' id='word_1_64' title='bbox 1125 2693 1239 2760; x_wconf 88' lang='lat' dir='ltr'>adhuc</span> <span class='ocrx_word' id='word_1_65' title='bbox 1250 2694 1374 2760; x_wconf 80' lang='lat' dir='ltr'>Carolo</span> 
     </span>
     <span class='ocr_line' id='line_1_10' title="bbox 202 2799 1376 2888; baseline 0.002 -24"><span class='ocrx_word' id='word_1_66' title='bbox 202 2799 337 2865; x_wconf 82' lang='lat' dir='ltr'>Goebel</span> <span class='ocrx_word' id='word_1_67' title='bbox 361 2800 536 2867; x_wconf 82' lang='lat' dir='ltr'>directore</span> <span class='ocrx_word' id='word_1_68' title='bbox 559 2803 795 2888; x_wconf 87' lang='lat' dir='ltr'>prosperrime</span> <span class='ocrx_word' id='word_1_69' title='bbox 819 2802 932 2868; x_wconf 87' lang='lat' dir='ltr'>floret.</span> <span class='ocrx_word' id='word_1_70' title='bbox 979 2802 1196 2868; x_wconf 80' lang='lat' dir='ltr'>Testimonic</span> <span class='ocrx_word' id='word_1_71' title='bbox 1232 2802 1376 2867; x_wconf 86' lang='lat' dir='ltr'>maturi·</span> 
     </span>
     <span class='ocr_line' id='line_1_11' title="bbox 199 2906 1373 2996; baseline 0.003 -25"><span class='ocrx_word' id='word_1_72' title='bbox 199 2906 285 2971; x_wconf 86' lang='lat' dir='ltr'>tatis</span> <span class='ocrx_word' id='word_1_73' title='bbox 309 2907 504 2972; x_wconf 88' lang='lat' dir='ltr'>instructus</span> <span class='ocrx_word' id='word_1_74' title='bbox 542 2930 626 2973; x_wconf 83' lang='lat' dir='ltr'>vero</span> <span class='ocrx_word' id='word_1_75' title='bbox 662 2909 747 2973; x_wconf 86' lang='lat' dir='ltr'>anni</span> <span class='ocrx_word' id='word_1_76' title='bbox 772 2908 859 2974; x_wconf 80' lang='lat'>1902</span> <span class='ocrx_word' id='word_1_77' title='bbox 883 2909 1097 2996; x_wconf 84' lang='lat' dir='ltr'>Friburgum</span> <span class='ocrx_word' id='word_1_78' title='bbox 1120 2910 1373 2995; x_wconf 84' lang='lat' dir='ltr'>Brisgavorum</span> 
     </span>
     <span class='ocr_line' id='line_1_12' title="bbox 199 3013 1373 3102; baseline 0.003 -23"><span class='ocrx_word' id='word_1_79' title='bbox 199 3013 362 3099; x_wconf 82' lang='lat' dir='ltr'>migravi,</span> <span class='ocrx_word' id='word_1_80' title='bbox 386 3022 425 3079; x_wconf 88' lang='lat' dir='ltr'>ut</span> <span class='ocrx_word' id='word_1_81' title='bbox 448 3014 663 3102; x_wconf 83' lang='lat' dir='ltr'>philologiae</span> <span class='ocrx_word' id='word_1_82' title='bbox 687 3037 742 3080; x_wconf 89' lang='lat' dir='ltr'>me</span> <span class='ocrx_word' id='word_1_83' title='bbox 778 3015 955 3084; x_wconf 85' lang='lat' dir='ltr'>dederam.</span> <span class='ocrx_word' id='word_1_84' title='bbox 1002 3017 1091 3083; x_wconf 90' lang='lat' dir='ltr'>Inde</span> <span class='ocrx_word' id='word_1_85' title='bbox 1124 3018 1167 3083; x_wconf 91' lang='lat' dir='ltr'>ab</span> <span class='ocrx_word' id='word_1_86' title='bbox 1204 3024 1373 3083; x_wconf 87' lang='lat' dir='ltr'>autumno</span> 
     </span>
     <span class='ocr_line' id='line_1_13' title="bbox 200 3120 1375 3208; baseline 0.004 -23"><span class='ocrx_word' id='word_1_87' title='bbox 200 3120 356 3187; x_wconf 87' lang='lat' dir='ltr'>eiusdem</span> <span class='ocrx_word' id='word_1_88' title='bbox 381 3122 466 3187; x_wconf 88' lang='lat' dir='ltr'>anni</span> <span class='ocrx_word' id='word_1_89' title='bbox 488 3143 551 3208; x_wconf 90' lang='lat' dir='ltr'>per</span> <span class='ocrx_word' id='word_1_90' title='bbox 576 3131 630 3187; x_wconf 89' lang='lat' dir='ltr'>ter</span> <span class='ocrx_word' id='word_1_91' title='bbox 654 3142 715 3187; x_wconf 87' lang='lat' dir='ltr'>sex</span> <span class='ocrx_word' id='word_1_92' title='bbox 739 3144 877 3188; x_wconf 86' lang='lat' dir='ltr'>menses</span> <span class='ocrx_word' id='word_1_93' title='bbox 901 3125 1061 3190; x_wconf 88' lang='lat' dir='ltr'>Berolini</span> <span class='ocrx_word' id='word_1_94' title='bbox 1095 3133 1255 3191; x_wconf 86' lang='lat' dir='ltr'>versatus</span> <span class='ocrx_word' id='word_1_95' title='bbox 1290 3147 1375 3191; x_wconf 83' lang='lat' dir='ltr'>vere</span> 
     </span>
     <span class='ocr_line' id='line_1_14' title="bbox 199 3229 1374 3317; baseline 0.002 -23"><span class='ocrx_word' id='word_1_96' title='bbox 199 3229 284 3294; x_wconf 87' lang='lat' dir='ltr'>anni</span> <span class='ocrx_word' id='word_1_97' title='bbox 309 3229 394 3294; x_wconf 86' lang='grc'><strong>1904</strong></span> <span class='ocrx_word' id='word_1_98' title='bbox 408 3229 637 3316; x_wconf 86' lang='lat' dir='ltr'>Marpurgum</span> <span class='ocrx_word' id='word_1_99' title='bbox 649 3252 704 3294; x_wconf 90' lang='lat' dir='ltr'>me</span> <span class='ocrx_word' id='word_1_100' title='bbox 728 3230 873 3314; x_wconf 88' lang='lat' dir='ltr'>contuli,</span> <span class='ocrx_word' id='word_1_101' title='bbox 901 3232 961 3297; x_wconf 89' lang='lat' dir='ltr'>ubi</span> <span class='ocrx_word' id='word_1_102' title='bbox 986 3254 1048 3317; x_wconf 91' lang='lat' dir='ltr'>per</span> <span class='ocrx_word' id='word_1_103' title='bbox 1073 3239 1239 3317; x_wconf 85' lang='lat' dir='ltr'>quattuor</span> <span class='ocrx_word' id='word_1_104' title='bbox 1264 3253 1374 3296; x_wconf 89' lang='lat' dir='ltr'>seme-</span> 
     </span>
     <span class='ocr_line' id='line_1_15' title="bbox 199 3334 1376 3425; baseline 0.004 -26"><span class='ocrx_word' id='word_1_105' title='bbox 199 3336 286 3401; x_wconf 89' lang='lat' dir='ltr'>stria</span> <span class='ocrx_word' id='word_1_106' title='bbox 319 3336 450 3402; x_wconf 86' lang='lat' dir='ltr'>litteris</span> <span class='ocrx_word' id='word_1_107' title='bbox 484 3357 624 3422; x_wconf 86' lang='lat' dir='ltr'>operam</span> <span class='ocrx_word' id='word_1_108' title='bbox 660 3357 701 3402; x_wconf 87' lang='lat' dir='ltr'>ac</span> <span class='ocrx_word' id='word_1_109' title='bbox 736 3334 892 3402; x_wconf 87' lang='lat' dir='ltr'>studium</span> <span class='ocrx_word' id='word_1_110' title='bbox 925 3337 1017 3403; x_wconf 88' lang='lat' dir='ltr'>dedi.</span> <span class='ocrx_word' id='word_1_111' title='bbox 1064 3338 1222 3404; x_wconf 87' lang='lat' dir='ltr'>Berolini</span> <span class='ocrx_word' id='word_1_112' title='bbox 1258 3359 1376 3425; x_wconf 88' lang='lat' dir='ltr'>prose·</span> 
     </span>
     <span class='ocr_line' id='line_1_16' title="bbox 199 3442 1374 3532; baseline 0.003 -25"><span class='ocrx_word' id='word_1_113' title='bbox 199 3444 348 3510; x_wconf 89' lang='lat' dir='ltr'>minario</span> <span class='ocrx_word' id='word_1_114' title='bbox 371 3442 552 3531; x_wconf 85' lang='lat' dir='ltr'>philologo</span> <span class='ocrx_word' id='word_1_115' title='bbox 575 3442 744 3525; x_wconf 80' lang='lat' dir='ltr'>intertui;</span> <span class='ocrx_word' id='word_1_116' title='bbox 781 3443 965 3530; x_wconf 88' lang='lat' dir='ltr'>Marpurgi</span> <span class='ocrx_word' id='word_1_117' title='bbox 988 3451 1029 3509; x_wconf 87' lang='lat' dir='ltr'>ut</span> <span class='ocrx_word' id='word_1_118' title='bbox 1052 3467 1116 3532; x_wconf 85' lang='lat' dir='ltr'>par</span> <span class='ocrx_word' id='word_1_119' title='bbox 1137 3467 1202 3510; x_wconf 90' lang='lat' dir='ltr'>sex</span> <span class='ocrx_word' id='word_1_120' title='bbox 1237 3467 1374 3511; x_wconf 86' lang='lat' dir='ltr'>menses</span> 
     </span>
     <span class='ocr_line' id='line_1_17' title="bbox 194 3549 1373 3639; baseline 0.001 -22"><span class='ocrx_word' id='word_1_121' title='bbox 194 3552 454 3638; x_wconf 66' lang='lat' dir='ltr'>&#39;proseminarii</span> <span class='ocrx_word' id='word_1_122' title='bbox 477 3573 539 3639; x_wconf 91' lang='lat' dir='ltr'>per</span> <span class='ocrx_word' id='word_1_123' title='bbox 565 3549 632 3616; x_wconf 92' lang='lat' dir='ltr'>duo</span> <span class='ocrx_word' id='word_1_124' title='bbox 658 3552 844 3617; x_wconf 77' lang='lat' dir='ltr'>semestris</span> <span class='ocrx_word' id='word_1_125' title='bbox 880 3552 1062 3618; x_wconf 86' lang='lat' dir='ltr'>seminarii</span> <span class='ocrx_word' id='word_1_126' title='bbox 1096 3552 1226 3619; x_wconf 85' lang='lat' dir='ltr'>sodalis</span> <span class='ocrx_word' id='word_1_127' title='bbox 1261 3573 1373 3619; x_wconf 85' lang='lat' dir='ltr'>essem</span> 
     </span>
     <span class='ocr_line' id='line_1_18' title="bbox 198 3653 1372 3746; baseline 0.003 -23"><span class='ocrx_word' id='word_1_128' title='bbox 198 3659 277 3726; x_wconf 90' lang='lat' dir='ltr'>Birt</span> <span class='ocrx_word' id='word_1_129' title='bbox 300 3658 515 3726; x_wconf 86' lang='lat' dir='ltr'>Kalbfleisch</span> <span class='ocrx_word' id='word_1_130' title='bbox 551 3657 666 3723; x_wconf 87' lang='lat' dir='ltr'>Maass</span> <span class='ocrx_word' id='word_1_131' title='bbox 706 3653 898 3725; x_wconf 74' lang='lat' dir='ltr'>directores</span> <span class='ocrx_word' id='word_1_132' title='bbox 934 3660 1087 3744; x_wconf 87' lang='lat' dir='ltr'>benigne</span> <span class='ocrx_word' id='word_1_133' title='bbox 1122 3659 1372 3746; x_wconf 87' lang='lat' dir='ltr'>permiserunt.</span> 
     </span>
     <span class='ocr_line' id='line_1_19' title="bbox 199 3764 1373 3833; baseline 0.002 -3"><span class='ocrx_word' id='word_1_134' title='bbox 199 3766 255 3830; x_wconf 85' lang='lat' dir='ltr'>Ad</span> <span class='ocrx_word' id='word_1_135' title='bbox 279 3767 552 3833; x_wconf 81' lang='lat' dir='ltr'>exercitationes</span> <span class='ocrx_word' id='word_1_136' title='bbox 576 3764 762 3831; x_wconf 87' lang='lat' dir='ltr'>historicas</span> <span class='ocrx_word' id='word_1_137' title='bbox 794 3788 851 3831; x_wconf 90' lang='lat' dir='ltr'>me</span> <span class='ocrx_word' id='word_1_138' title='bbox 885 3766 1103 3833; x_wconf 86' lang='lat' dir='ltr'>admiserunt</span> <span class='ocrx_word' id='word_1_139' title='bbox 1138 3765 1208 3830; x_wconf 88' lang='lat' dir='ltr'>viri</span> <span class='ocrx_word' id='word_1_140' title='bbox 1244 3764 1373 3832; x_wconf 87' lang='lat' dir='ltr'>doctis·</span> 
     </span>
     <span class='ocr_line' id='line_1_20' title="bbox 200 3871 1372 3960; baseline 0.004 -26"><span class='ocrx_word' id='word_1_141' title='bbox 200 3871 279 3936; x_wconf 89' lang='lat' dir='ltr'>simi</span> <span class='ocrx_word' id='word_1_142' title='bbox 302 3874 540 3940; x_wconf 89' lang='lat' dir='ltr'>Berolinensis</span> <span class='ocrx_word' id='word_1_143' title='bbox 565 3874 602 3941; x_wconf 77' lang='lat' dir='ltr'>O.</span> <span class='ocrx_word' id='word_1_144' title='bbox 627 3873 666 3939; x_wconf 83' lang='lat' dir='ltr'>F.</span> <span class='ocrx_word' id='word_1_145' title='bbox 691 3872 886 3953; x_wconf 80' lang='lat' dir='ltr'>Lehmann,</span> <span class='ocrx_word' id='word_1_146' title='bbox 910 3873 1180 3960; x_wconf 84' lang='lat' dir='ltr'>Marpurgensas</span> <span class='ocrx_word' id='word_1_147' title='bbox 1203 3872 1310 3938; x_wconf 84' lang='lat' dir='ltr'>Nisae</span> <span class='ocrx_word' id='word_1_148' title='bbox 1334 3881 1372 3940; x_wconf 90' lang='lat' dir='ltr'>et</span> 
     </span>
     <span class='ocr_line' id='line_1_21' title="bbox 199 3978 1371 4068; baseline 0.002 -24"><span class='ocrx_word' id='word_1_149' title='bbox 199 4001 269 4045; x_wconf 84' lang='lat' dir='ltr'>von</span> <span class='ocrx_word' id='word_1_150' title='bbox 312 3978 372 4045; x_wconf 88' lang='lat' dir='ltr'>dar</span> <span class='ocrx_word' id='word_1_151' title='bbox 412 3981 526 4068; x_wconf 86' lang='lat' dir='ltr'>Ropp.</span> <span class='ocrx_word' id='word_1_152' title='bbox 570 3981 728 4046; x_wconf 77' lang='lat' dir='ltr'>Examen</span> <span class='ocrx_word' id='word_1_153' title='bbox 767 3980 968 4066; x_wconf 85' lang='lat' dir='ltr'>rigorosum</span> <span class='ocrx_word' id='word_1_154' title='bbox 1010 3979 1176 4066; x_wconf 84' lang='lat' dir='ltr'>superavi</span> <span class='ocrx_word' id='word_1_155' title='bbox 1217 3978 1273 4043; x_wconf 89' lang='lat' dir='ltr'>die</span> <span class='ocrx_word' id='word_1_156' title='bbox 1317 3981 1371 4046; x_wconf 80' lang='lat'>20.</span> 
     </span>
     <span class='ocr_line' id='line_1_22' title="bbox 198 4076 1373 4173; baseline -0.003 -19"><span class='ocrx_word' id='word_1_157' title='bbox 198 4088 327 4155; x_wconf 84' lang='lat' dir='ltr'>mensis</span> <span class='ocrx_word' id='word_1_158' title='bbox 361 4076 454 4154; x_wconf 86' lang='lat' dir='ltr'>Iunii</span> <span class='ocrx_word' id='word_1_159' title='bbox 493 4089 578 4154; x_wconf 91' lang='lat' dir='ltr'>anni</span> <span class='ocrx_word' id='word_1_160' title='bbox 619 4087 715 4154; x_wconf 86' lang='grc'><strong>1906.</strong></span> <span class='ocrx_word' id='word_1_161' title='bbox 768 4087 888 4173; x_wconf 85' lang='lat' dir='ltr'>Usque</span> <span class='ocrx_word' id='word_1_162' title='bbox 924 4086 969 4154; x_wconf 88' lang='lat' dir='ltr'>ad</span> <span class='ocrx_word' id='word_1_163' title='bbox 1008 4086 1101 4152; x_wconf 87' lang='lat' dir='ltr'>diem</span> <span class='ocrx_word' id='word_1_164' title='bbox 1140 4085 1373 4172; x_wconf 82' lang='lat' dir='ltr'>promotionis</span> 
     </span>
     <span class='ocr_line' id='line_1_23' title="bbox 199 4191 1372 4282; baseline -0.003 -21"><span class='ocrx_word' id='word_1_165' title='bbox 199 4195 292 4262; x_wconf 92' lang='lat' dir='ltr'>domi</span> <span class='ocrx_word' id='word_1_166' title='bbox 315 4203 475 4263; x_wconf 87' lang='lat' dir='ltr'>versatus</span> <span class='ocrx_word' id='word_1_167' title='bbox 500 4218 586 4281; x_wconf 86' lang='lat' dir='ltr'>sum,</span> <span class='ocrx_word' id='word_1_168' title='bbox 621 4202 661 4261; x_wconf 92' lang='lat' dir='ltr'>ut</span> <span class='ocrx_word' id='word_1_169' title='bbox 685 4194 729 4260; x_wconf 94' lang='lat' dir='ltr'>ad</span> <span class='ocrx_word' id='word_1_170' title='bbox 753 4217 901 4261; x_wconf 85' lang='lat' dir='ltr'>examen</span> <span class='ocrx_word' id='word_1_171' title='bbox 925 4216 988 4282; x_wconf 88' lang='lat' dir='ltr'>pro</span> <span class='ocrx_word' id='word_1_172' title='bbox 1013 4193 1185 4260; x_wconf 74' lang='lat' dir='ltr'>facultate</span> <span class='ocrx_word' id='word_1_173' title='bbox 1222 4191 1372 4260; x_wconf 83' lang='lat' dir='ltr'>docendi</span> 
     </span>
     <span class='ocr_line' id='line_1_24' title="bbox 198 4304 714 4391; baseline 0.004 -23"><span class='ocrx_word' id='word_1_174' title='bbox 198 4304 441 4371; x_wconf 79' lang='lat' dir='ltr'>sustinendum</span> <span class='ocrx_word' id='word_1_175' title='bbox 464 4326 520 4370; x_wconf 83' lang='lat' dir='ltr'>mo</span> <span class='ocrx_word' id='word_1_176' title='bbox 543 4311 714 4391; x_wconf 85' lang='lat' dir='ltr'>pararem.</span> 
     </span>
    </p>
   </div>
   <div class='ocr_carea' id='block_1_3' title="bbox 0 0 1684 5117">
    <p class='ocr_par' dir='ltr' id='par_1_3' title="bbox 0 0 1684 5117">
     <span class='ocr_line' id='line_1_25' title="bbox 0 0 1684 5117; baseline 0 0"><span class='ocrx_word' id='word_1_177' title='bbox 0 0 1684 5117; x_wconf 95' lang='lat' dir='ltr'> </span> 
     </span>
    </p>
   </div>
  </div>
 </body>
</html>
