3359 5117
744 452 966 518 ...32-

285 648 400 735 batur,
436 647 656 737 distinguere
688 648 807 736 potuit
829 648 874 715 ab
905 647 977 733 illa,
1017 669 1106 735 quae
1129 653 1213 715 aute
1252 645 1467 733 gutturalem

287 763 540 826 consonantem
563 757 679 845 posita
701 755 923 823 audiebatuu
958 756 1082 842 Neque
1097 754 1172 840 has,
1196 754 1468 843 quaspouimns,

283 866 423 933 vocales
457 865 596 932 nauales
626 865 771 953 liuguae
802 863 937 931 latinae
972 872 1137 931 accurate
1171 864 1245 930 illis
1279 862 1469 929 Polonicae

283 969 427 1061 liuguae
439 972 662 1061 respondisse
679 972 837 1059 cogimur
861 972 1017 1051 credere,
1040 994 1127 1059 quas
1142 972 1167 1039 J
1170 970 1326 1038 ohannes
1350 971 1467 1036 Storm

281 1080 375 1164 libri,
399 1081 460 1168 qni
475 1081 679 1148 inscribitur
694 1082 878 1166 Eupliscle
901 1081 1099 1168 Philologus,
1123 1080 1251 1146 iterum
1275 1077 1363 1144 editi
1384 1099 1465 1165 pag⁸

282 1187 326 1253 59
361 1188 417 1255 his
462 1189 580 1255 verbis
619 1187 765 1254 definit:
812 1190 879 1253 Die
911 1189 1109 1273 potnischen
1147 1187 1379 1253 Nascloolcole
1404 1207 1421 1250 e
1443 1207 1465 1250 o

283 1298 424 1362 nahmen
447 1317 507 1362 cor
537 1298 571 1381 d,
605 1298 740 1363 teinen
763 1298 860 1361 metr
883 1297 1050 1379 dentalera
1078 1317 1137 1361 cor
1161 1297 1238 1380 b,p
1262 1297 1359 1361 naen
1404 1284 1412 1312 ‘
1448 1285 1456 1312 ‘

281 1405 376 1470 metr
406 1404 557 1470 labialem
583 1402 769 1470 Otarakter
803 1424 859 1488 on,
894 1425 931 1469 ao
967 1405 1048 1469 dass
1083 1406 1138 1469 ein
1161 1403 1468 1469 uncollkommenes

284 1532 307 1575 n
330 1512 412 1576 oder
444 1534 479 1575 m
511 1513 573 1578 mit
595 1512 670 1576 dem
702 1511 808 1577 Volrol
840 1512 1063 1590 versclmilzt,
1097 1512 1211 1576 tndem
1246 1512 1298 1576 bei
1328 1509 1467 1575 thneu

283 1619 356 1684 und
380 1620 512 1705 Lippos
536 1621 609 1684 eine
633 1619 791 1686 dlnliche
826 1619 894 1685 lose
917 1617 1149 1704 Anndherunp
1178 1618 1371 1705 stottfindet‚
1406 1618 1467 1682 wie

284 1734 377 1792 coust
400 1728 486 1792 seim
508 1728 652 1793 neieina
676 1726 839 1792 Gaumen.

390 1833 466 1901 Iam
481 1855 566 1902 voro
582 1834 692 1921 ipsius
708 1833 886 1900 Victorini
901 1832 1019 1901 verbis
1034 1833 1072 1898 id
1092 1833 1257 1900 docemur
1277 1832 1465 1899 nonnullos

283 1941 531 2030 grammaticos
553 1942 693 2008 litteras
716 1964 739 2008 o
763 1950 800 2009 et
822 1966 867 2023 m,
891 1941 922 2007 si
943 1964 963 2008 a
987 1940 1109 2008 littera
1129 1961 1174 2024 qn
1189 1940 1465 2029 excipiebantur,

284 2048 329 2115 ab
352 2049 481 2117 iisdem
504 2058 588 2117 ante
611 2049 699 2116 alias
725 2055 962 2117 consonantes
996 2048 1122 2137 positis
1144 2070 1215 2116 non
1249 2047 1463 2115 distinxisse.

285 2157 455 2245 Legimus
494 2159 605 2225 enim:
646 2181 787 2226 ..cum
824 2162 914 2226 inter
937 2181 960 2223 n
984 2167 1058 2245 etp
1095 2160 1209 2224 media
1246 2165 1340 2224 sonet
1378 2157 1467 2223 vocis

284 2269 517 2352 pronuntiatio
546 2272 647 2351 (corr.
672 2265 827 2333 Schmitz
850 2288 937 2332 mus.
962 2265 1060 2332 rheu.
1077 2266 1167 2334 XIV
1190 2266 1306 2350 (1859)
1326 2287 1360 2353 p.
1377 2264 1467 2349 640),

282 2396 359 2460 non,
391 2384 437 2442 nt
480 2376 595 2441 aliis
629 2377 835 2459 videtur,
881 2377 1007 2441 inter
1041 2398 1075 2439 m
1105 2384 1135 2441 et
1169 2398 1202 2441 n.
1260 2372 1465 2439 Certissima

281 2481 394 2568 igitur
429 2482 587 2568 sequitur
621 2480 685 2548 has
717 2481 790 2549 illis
825 2482 959 2549 similes
994 2480 1114 2566 fuisse,
1148 2481 1186 2548 id
1216 2480 1307 2567 quod
1331 2479 1467 2546 nemini

283 2587 400 2656 dicere
422 2588 517 2676 licet,
553 2590 613 2676 qui
648 2590 874 2675 sententiam,
907 2612 1011 2676 quam
1035 2589 1264 2656 Seelmannus
1294 2586 1466 2676 exposuit,

281 2695 496 2785 comprobat.
543 2695 744 2765 Similitudo
768 2704 886 2763 autem
903 2697 1075 2784 quaedam
1091 2695 1365 2764 consonantibus
1390 2719 1413 2761 n
1426 2700 1463 2761 et

281 2804 529 2891 moriebatur,
553 2805 584 2870 si
606 2804 765 2874 vocalem
789 2825 869 2871 oum
884 2803 999 2871 nasali
1011 2805 1232 2872 coniunctam
1257 2802 1465 2870 invooalem

281 2911 440 2978 nasalem
490 2934 569 2979 cum
618 2913 733 2980 nasali
781 2920 998 2980 consonante
1048 2919 1233 2979 attenuata
1279 2910 1463 2977 transiisse

282 3017 523 3088 demonstrare
561 3020 765 3109 poterimus.
829 3021 920 3088 Nam
956 3021 1035 3087 soni
1069 3020 1211 3106 nasalis,
1247 3019 1307 3106 qui
1340 3017 1464 3084 aderat

279 3126 406 3208 vocali,
429 3135 557 3195 natura
580 3129 741 3196 omnibns
764 3130 944 3198 vocalibus
969 3128 1093 3195 eadem
1129 3134 1216 3213 erat,
1250 3126 1463 3193 differebant

280 3233 375 3301 inter
397 3256 436 3301 se
458 3235 556 3303 nulla
580 3236 651 3302 alia
673 3258 712 3302 re
736 3236 808 3303 nisi
830 3235 950 3303 indole
966 3235 1192 3303 consonantis
1207 3233 1349 3318 nasalis,
1374 3254 1462 3319 quae

279 3341 375 3409 inter
397 3342 555 3410 vocalem
579 3344 736 3410 nasalem
772 3351 809 3410 et
832 3354 1085 3411 consonantem
1124 3341 1322 3431 proximam
1351 3339 1462 3406 inter·

281 3448 438 3518 cedebat.
487 3448 565 3529 Qua
597 3473 636 3517 re
670 3450 912 3538 intellegimus
947 3458 983 3517 et
1016 3472 1084 3536 quo
1119 3449 1221 3515 modo
1250 3449 1465 3536 prammotici

280 3559 440 3624 manili
461 3557 601 3625 nasales
624 3558 705 3624 illas
728 3579 799 3624 una
821 3557 967 3624 notione
991 3556 1177 3646 complecti
1208 3563 1243 3622 et
1267 3577 1335 3642 qno
1359 3554 1462 3621 modo

280 3663 413 3732 Marius
436 3663 641 3731 Victorinus
664 3663 728 3731 has
762 3664 903 3732 abillis
927 3664 1112 3751 seiungere
1144 3664 1326 3752 potuerint
1338 3685 1348 3749 ;
1380 3684 1463 3728 nam

279 3771 384 3837 alteri
406 3771 454 3858 id,
493 3771 586 3859 quod
621 3794 802 3840 commune
842 3772 893 3838 eis
933 3777 1019 3858 erat,
1057 3772 1210 3838 maxima
1245 3771 1463 3860 spectabant,

279 3877 395 3963 alteri,
418 3877 518 3945 velut
542 3879 673 3945 Marius
697 3878 913 3961 Victorinus,
938 3878 1186 3963 differentiam,
1217 3900 1307 3965 quae
1341 3885 1462 3944 tamen

278 3984 373 4052 iuter
397 4007 456 4052 eas
481 3991 567 4073 erat,
591 3987 736 4053 minime
760 3986 1020 4075 neglegendam
1043 4008 1119 4053 esse
1142 3985 1358 4053 iudicabant.

368 4094 476 4161 Porro
494 4093 725 4161 Saelmannns
749 4093 858 4160 dicit:
888 4096 963 4161 Fato·
985 4096 1041 4160 die
1064 4096 1262 4183 allyemeine
1285 4115 1464 4181 uchnps·

278 4203 423 4287 sprauto
457 4204 518 4269 der
551 4202 721 4268 mitterer
753 4203 943 4268 romischen
973 4203 1152 4269 kaiserzeit
1182 4204 1266 4270 ltsst
1304 4203 1377 4268 sich
1408 4202 1464 4266 die

280 4330 376 4375 norm
398 4309 599 4394 casstellen:
622 4309 838 4374 inlautemtes
860 4332 886 4371 a
902 4309 1058 4374 vertarrt
1080 4331 1148 4374 nur
1171 4331 1231 4375 cor
1254 4308 1393 4397 ΜΒΝ
1407 4307 1463 4411 (a)
