3359 5117
741 511 961 579 ...31-

263 737 351 781 acere
374 736 433 780 iace
456 737 488 780 a.
513 714 572 779 secl
594 714 676 779 baec
699 713 902 799 ambiguitas
924 713 962 776 ia
987 711 1039 776 leis
1062 712 1209 798 fortasse
1236 710 1363 776 coculis
1385 709 1440 793 sit,

263 831 301 887 ut
324 825 361 886 ia
385 822 534 908 Ampelo,
558 821 730 908 Lycaaebe.
756 842 835 885 aaut
870 822 907 883 ia
941 821 1064 884 uostris
1099 839 1206 904 sapia
1241 819 1341 883 dictis
1375 839 1441 883 aaa

264 941 320 1009 est,
345 934 425 1016 qaia
448 952 515 995 aare
538 933 627 995 later
649 952 682 992 m
706 936 738 993 et
761 950 783 992 a
806 928 955 992 mediam
978 934 1100 993 soaaat
1122 947 1271 1011 anquam
1306 933 1337 991 et
1359 947 1440 990 aaa·

264 1060 436 1124 aaaqaam
459 1047 489 1102 et
511 1038 651 1117 similia,
685 1037 744 1101 secl
767 1038 856 1100 iater
886 1057 909 1099 a
933 1042 964 1098 et
983 1057 1015 1121 9.
1040 1056 1120 1099 aam
1150 1041 1182 1099 et
1205 1033 1337 1112 Graeci,
1366 1054 1441 1098 cum

264 1148 413 1211 scribant
437 1145 574 1229 ἄγγελος
598 1148 698 1226 ἄγγος
722 1146 819 1227 ὄγκος
836 1152 868 1208 ct
883 1143 1020 1225 similia,
1036 1145 1068 1206 si
1082 1142 1249 1228 syllabam
1263 1164 1309 1207 aa
1324 1161 1441 1225 sequa·

264 1263 320 1318 tar
351 1254 495 1339 syllaba,
528 1272 614 1335 attae
647 1256 783 1320 initiam
819 1253 916 1317 labet
950 1272 972 1316 a
992 1271 1015 1337 p
1038 1258 1097 1316 aut
1127 1269 1154 1334 o,
1190 1258 1383 1316 convertam
1417 1271 1441 1314 a

265 1361 414 1427 litteram
437 1364 472 1426 ia
488 1384 510 1447 p
530 1371 560 1428 et
574 1384 638 1448 pro
654 1383 713 1447 ap
728 1361 888 1441 scribant,
912 1367 949 1424 ut
965 1356 1103 1442 ἄγγελος
1128 1360 1254 1441 ἄγκυρα
1276 1356 1441 1441 ἄγκιὸτρα,

266 1490 340 1533 cam
363 1472 452 1534 inter
475 1491 498 1533 a
522 1478 552 1535 et
573 1491 596 1555 9
624 1470 772 1533 mediam
802 1473 896 1532 suaet
924 1467 1014 1531 vocis
1037 1466 1058 1545 †
1076 1464 1273 1551 prodactae,
1308 1486 1375 1530 aaa
1404 1473 1442 1530 at

264 1578 344 1642 aliis
368 1578 509 1663 videtur,
532 1579 621 1643 iuter
643 1601 677 1641 m
700 1585 731 1642 et
753 1598 786 1642 a.

376 1683 501 1769 Itaque
537 1683 669 1750 Marius
704 1682 910 1750 Victorinus
944 1680 1002 1747 hic
1033 1679 1272 1747 differentiam
1311 1677 1439 1747 statuit

265 1791 359 1857 inter
393 1813 517 1858 vocem
550 1789 735 1877 quandam,
771 1812 861 1876 quae
893 1796 995 1856 sonet
1029 1789 1179 1855 interm
1204 1794 1303 1854 eta:
1338 1809 1368 1854 e.
1386 1808 1439 1873 gr.

264 1906 346 1964 ante
382 1905 626 1978 consonantes,
667 1921 753 1985 quas
788 1898 935 1965 labiales
975 1895 1199 1984 grammatici
1234 1894 1366 1981 dicunt,
1403 1902 1440 1961 at

263 2027 386 2072 vocem
409 2007 517 2091 illam,
542 2028 631 2092 quae
655 2012 757 2072 sonet
779 2005 874 2072 inter
897 2029 920 2072 a
944 2012 980 2071 et
1002 2028 1044 2092 p:
1068 2010 1152 2071 anta
1175 2025 1220 2088 aa
1243 2010 1280 2069 et
1302 2009 1438 2070 ceteras

263 2114 470 2201 gutturales,
495 2136 584 2201 quae
601 2114 774 2181 dicuntur.
801 2112 872 2180 Sed
888 2113 925 2180 id
941 2112 1140 2180 sententiae
1155 2112 1297 2178 illorum
1309 2132 1436 2199 repug-

262 2243 359 2306 nare,
375 2221 436 2307 qui
459 2245 482 2288 a
498 2229 535 2289 et
556 2247 590 2289 m
614 2244 693 2289 cum
716 2220 832 2288 vocali
848 2220 1082 2288 antecedente
1097 2221 1136 2287 in
1152 2219 1308 2287 vocalem
1332 2241 1437 2286 unam

262 2351 325 2417 per
346 2352 450 2396 nares
474 2352 675 2419 expressam
699 2328 863 2397 confusas
887 2352 964 2397 esse
987 2327 1216 2415 contendant,
1246 2348 1317 2395 non
1340 2332 1438 2395 recte

263 2437 494 2505 Seelmannus
528 2438 630 2506 dixit.
677 2438 768 2505 Nam
803 2459 1015 2525 quamquam
1049 2457 1244 2505 consonans
1278 2435 1445 2523 proxima

261 2544 307 2611 ad
330 2545 441 2634 ipsius
464 2546 597 2615 vocalis
621 2546 763 2630 nasalis,
793 2546 825 2612 si
848 2544 915 2613 hoc
937 2545 1045 2614 verbo
1068 2544 1123 2612 uti
1144 2544 1240 2631 licet,
1275 2541 1438 2610 enuntia·

263 2653 398 2721 tionem
421 2654 512 2722 nihil
535 2655 641 2742 valet,
670 2654 800 2743 quippe
824 2676 914 2741 quae
938 2652 1062 2721 eadam
1097 2652 1145 2719 sit
1176 2652 1207 2719 si
1231 2661 1244 2719 t
1266 2650 1325 2721 vel
1347 2673 1370 2737 p
1394 2672 1437 2718 ao

263 2761 293 2827 si
318 2783 345 2845 c,
369 2782 414 2845 aa
436 2762 653 2849 insecuntur,
677 2769 797 2829 tamen
820 2768 1075 2829 consonantem
1107 2759 1265 2828 nasalem
1295 2779 1437 2848 prorsus

260 2891 483 2959 suppressam
507 2893 677 2938 essenon
701 2878 935 2939 estnecesse.
984 2870 1130 2937 Scilicet
1164 2874 1244 2958 post
1277 2865 1437 2935 vocalem

261 2978 417 3045 nasalem
433 2980 537 3048 simul
554 2981 662 3047 etiam
684 2981 762 3069 ipsa
778 3001 975 3047 consonans
990 2979 1123 3046 nasalis
1141 2976 1291 3067 exprimi
1306 2981 1435 3064 potest,

260 3083 298 3150 id
321 3086 415 3172 quod
438 3086 589 3155 dialecto
614 3088 764 3157 Suevica
786 3088 996 3173 illustratur,
1031 3086 1078 3154 ad
1101 3108 1206 3173 quam
1228 3107 1309 3152 mox
1333 3106 1435 3151 accu-

260 3194 372 3261 ratius
395 3196 599 3264 radibimus.
646 3196 737 3263 Nam
759 3195 981 3262 admirabilis
1005 3193 1201 3262 similitudo
1236 3193 1302 3261 hac
1335 3193 1436 3260 inre

261 3323 337 3368 esse
371 3302 513 3371 videtur
547 3304 642 3371 inter
677 3303 767 3370 hanc
792 3302 982 3370 dialectum
1018 3310 1055 3370 et
1083 3303 1243 3391 linguam
1276 3302 1434 3369 latinam.

261 3408 465 3478 Oousonans
488 3412 600 3499 igitur
623 3410 766 3494 nasalis,
790 3433 879 3497 quae
903 3410 1060 3479 vocalem
1084 3433 1147 3500 per
1169 3432 1273 3478 nares
1296 3430 1436 3498 expres·

260 3538 334 3584 sam
357 3518 565 3606 insequitur,
598 3541 669 3585 non
692 3517 808 3585 minus
832 3539 938 3604 quam
972 3526 1112 3585 ceterae
1143 3518 1282 3586 nasales
1314 3537 1436 3584 conso·

259 3625 362 3690 nanti
384 3626 566 3713 proximae
589 3625 882 3693 accommodatur.
929 3625 1055 3713 Itaque
1079 3625 1163 3693 siin
1178 3625 1301 3713 lingua
1322 3622 1436 3690 latina

260 3751 455 3798 consonans
479 3734 621 3819 nasalis,
645 3755 858 3820 quamquam
881 3732 1014 3801 vocalis
1027 3732 1241 3801 antecedens
1253 3754 1316 3821 per
1331 3752 1435 3798 nares

261 3838 533 3928 exprimebatur,
581 3846 722 3908 servata
769 3848 832 3926 est,
871 3838 959 3907 haec
1005 3861 1201 3908 consonans
1247 3839 1352 3906 aliter
1397 3840 1435 3905 in

259 3944 439 4030 Deolmber
469 3964 574 4030 aliter
605 3966 644 4032 in
676 3948 801 4048 eliseo,
838 3948 1037 4053 commiade,
1064 3964 1170 4032 aliter
1196 3964 1235 4032 in
1262 3948 1435 4049 abactam

262 4069 441 4137 enuntiari
458 4070 619 4151 debebat,
643 4095 722 4139 cum
737 4072 815 4139 fieri
830 4094 903 4139 non
919 4079 1049 4161 posset,
1065 4072 1151 4158 quin
1166 4071 1297 4158 ubique
1313 4095 1434 4142 conso·

260 4177 363 4244 nanti
378 4177 558 4265 proximae
581 4179 857 4249 assimularatur.
898 4181 996 4260 Quae
1019 4203 1098 4248 cum
1121 4181 1173 4246 ita
1196 4180 1278 4265 sint,
1301 4180 1434 4249 Marius

260 4283 474 4372 Victorinus,
513 4284 653 4352 etiamsi
686 4287 840 4355 Romani
876 4289 1016 4356 vocales
1053 4286 1191 4353 nauales
1229 4285 1435 4374 efferebant,

261 4397 511 4461 consonantem
534 4391 700 4482 nasalem,
735 4396 849 4481 qualis
871 4394 994 4462 labiali
1019 4395 1228 4480 insequente
1263 4395 1434 4483 exprime·
