3359 5117
741 426 873 501 ...57
922 471 962 483 ..

262 632 371 704 Stich.
395 633 461 703 59:
496 637 615 701 habitu
638 635 707 699 tau
725 633 876 719 probost]
896 633 1010 718 probo
1033 641 1064 699 ut
1086 629 1126 716 B,
1152 633 1282 718 probos
1305 639 1336 697 at
1360 621 1434 716 OD,

256 746 386 829 probus
409 743 463 827 A;
485 742 581 808 Pers.
606 740 692 810 369:
716 741 854 806 meliust
877 739 919 825 te]
945 737 984 824 B,
1017 741 1138 806 meiius
1162 747 1194 805 st
1216 749 1247 806 te
1271 738 1342 825 OD,
1367 761 1431 806 me-

262 852 331 918 lius
354 858 403 917 est
426 850 478 935 A;
502 850 588 915 54οε
612 848 779 933 suaviust]
805 846 878 930 AB,
902 850 1042 913 suavius
1064 856 1096 914 at
1118 845 1191 914 OD.

366 958 405 1023 in
429 957 480 1024 B:
503 957 609 1022 Poen.
628 955 731 1021 1232:
755 955 952 1041 honestiust]
976 954 1018 1041 A,
1041 957 1240 1022 honestiust
1256 954 1299 1041 D,
1316 958 1433 1024 honest

260 1067 349 1131 iussi
372 1064 422 1149 B3

365 1172 404 1238 in
428 1171 475 1237 O:
499 1169 591 1239 aad.
620 1170 701 1237 1057
714 1193 722 1236 :
747 1178 836 1238 tuost
858 1173 1014 1252 (znom.)
1028 1171 1049 1255 ε]
1076 1179 1168 1236 tuest
1191 1169 1266 1258 BD,
1300 1180 1379 1237 tuus
1402 1181 1433 1239 st

261 1278 298 1364 Ο,
320 1279 353 1344 A
375 1301 409 1345 n.
434 1278 481 1364 l.;
503 1278 598 1343 Pers.
624 1278 711 1345 648:
736 1277 896 1362 habituri]
921 1276 994 1361 BD,
1018 1279 1154 1343 dubitus
1176 1286 1207 1345 at
1230 1277 1267 1357 O,
1291 1278 1323 1345 A
1346 1301 1381 1346 n.
1406 1279 1430 1347 l.

366 1385 620 1454 Undevicesies
649 1386 761 1473 igitur
795 1385 884 1451 haec
918 1385 1093 1472 scriptura
1128 1386 1290 1468 occurrit,
1326 1394 1432 1472 atqua

259 1500 314 1560 ter
338 1493 479 1580 quidem
502 1494 541 1559 in
564 1494 606 1578 A,
630 1493 761 1581 septies
784 1493 822 1558 in
847 1493 1008 1559 omnibns
1032 1491 1214 1574 Palatinis,
1245 1493 1370 1560 novies
1393 1495 1432 1562 in

259 1622 329 1667 uno
364 1609 427 1668 aut
460 1601 571 1667 altero
606 1600 859 1668 Palatinorum.
919 1599 1014 1677 Quas
1049 1600 1240 1687 scripturas
1273 1623 1351 1668 cum
1386 1603 1432 1668 ad

260 1730 478 1775 communem
513 1707 672 1775 codicum
707 1707 800 1773 BOD
835 1705 971 1774 fontem
1005 1704 1121 1772 redire
1155 1707 1349 1774 verisimile
1372 1709 1430 1795 ait,

259 1816 370 1904 (ipsae
405 1817 499 1881 enim
534 1814 764 1902 corruptelae,
800 1836 887 1900 quas
910 1813 1073 1901 legimus,
1099 1837 1152 1881 -us
1176 1817 1208 1881 ci
1229 1815 1289 1882 vel
1310 1839 1364 1884 us
1386 1822 1431 1885 sit

257 1923 544 2012 scripturam-us
566 1932 596 1990 st
620 1945 663 1988 ax
688 1922 881 2010 exemplari
904 1920 1055 2008 quodam
1079 1922 1266 2008 communi,
1302 1924 1379 1991 sive
1402 1926 1431 1991 P
1549 1955 1551 1958 ’

257 2032 335 2119 ipso
360 2030 436 2098 eive
468 2030 665 2096 recentiore
699 2029 851 2115 quodem
885 2029 1055 2095 librorum
1079 2028 1171 2095 BOD
1196 2028 1306 2117 fonte,
1340 2031 1430 2101 falso

257 2139 467 2205 translatam
487 2160 568 2204 ease
585 2137 729 2215 docent)
741 2138 782 2223 ⁴'),
805 2143 926 2203 tamen
942 2159 1001 2203 aas
1017 2158 1121 2224 porro
1138 2136 1183 2203 ad
1211 2160 1431 2208 communem
1448 2169 1450 2172 ·

257 2245 510 2313 Ambrosianae
533 2252 570 2312 et
591 2244 777 2311 Palatinae
811 2245 1057 2311 reoensionnm
1092 2244 1227 2311 iontem
1261 2247 1320 2313 vel
1343 2248 1430 2317 adeo

256 2353 301 2422 ad
324 2355 436 2443 ipsam
458 2354 578 2419 Plauti
600 2374 743 2420 manum
765 2351 899 2419 referre
922 2352 1090 2419 audacius
1123 2374 1240 2439 neque
1263 2354 1335 2420 ullo
1359 2356 1430 2423 alio

255 2468 465 2549 argumento
497 2462 684 2550 probatum
720 2468 784 2530 eet.
831 2460 942 2527 Immo
978 2460 1009 2525 si
1044 2483 1088 2525 ex
1122 2462 1452 2547 grammaticorum·

253 2568 414 2636 doctrina
429 2568 579 2636 fortasse
595 2590 689 2653 vera,
714 2590 925 2654 quamquam
942 2589 962 2633 a
976 2567 1158 2635 Victorino
1172 2570 1264 2634 male
1280 2570 1428 2656 munita,

253 2677 428 2765 originem
452 2699 511 2744 eae
535 2677 670 2764 cepisse
695 2676 852 2760 dicimus,
876 2675 963 2741 satis
986 2675 1117 2741 habere
1140 2674 1357 2744 debebimus.

360 2785 525 2852 Fortasse
549 2784 657 2849 etiam
681 2783 814 2850 aliare
837 2783 925 2849 haec
948 2783 1121 2871 scriptura
1156 2792 1354 2871 propagata
1387 2791 1424 2851 et

253 2899 394 2959 servata
419 2899 481 2959 est.
534 2891 722 2959 Videamus
745 2891 809 2957 has
833 2890 1026 2957 lectiones:
1513 2965 1519 2974 ,

362 3000 401 3065 in
424 2999 479 3066 A:
515 2999 649 3066 *Mera
674 2997 762 3065 285:
803 2997 895 3074 Quid
918 2998 1003 3082 ceti]
1030 2999 1145 3083 quidet
1166 2995 1199 3062 A
1222 2999 1375 3083 quidest
1398 2999 1429 3066 B

253 3107 386 3192 quidest
409 3106 491 3189 OD;
516 3106 617 3172 *Md
642 3106 728 3172 469:
752 3108 835 3194 quid
859 3106 943 3190 eut]
970 3107 1084 3191 quidet
1106 3106 1139 3169 A
1162 3106 1246 3191 quid
1268 3128 1354 3192 opus
1378 3118 1427 3176 est

252 3215 303 3300 P;
327 3252 368 3262 -
394 3218 412 3258 *
436 3214 547 3284 1139:
571 3213 663 3290 Quid
686 3216 771 3300 esti]
797 3218 913 3301 quidsi
935 3216 968 3280 A
992 3215 1075 3299 quid
1097 3222 1145 3279 est
1166 3213 1219 3291 P;
1243 3215 1426 3283 *Peraez

251 3363 319 3409 ooo
342 3351 390 3409 ert
412 3342 535 3428 sciunt]
570 3351 669 3408 uocet
702 3340 735 3406 A
769 3347 853 3406 ante
876 3361 963 3406 corr.
992 3321 1023 3404 ie
1054 3320 1325 3405 iGoouemB
1360 3361 1427 3407 ooo

251 3460 299 3518 eat
323 3450 377 3535 D3
410 3449 518 3516 Poen.
543 3451 631 3517 865:
668 3447 820 3524 Quintio
843 3447 928 3532 esti]
963 3448 1115 3533 quiescet
1139 3448 1170 3511 A
1206 3449 1289 3531 quid
1318 3449 1429 3516 idest

252 3559 353 3641 (idest
376 3557 417 3639 O)
440 3557 479 3623 P.
525 3557 630 3624 Poen.
658 3557 765 3624 1333:
792 3555 876 3632 Quis
900 3557 954 3621 tic
978 3555 1059 3639 ott]
1086 3557 1162 3640 quis
1186 3556 1273 3622 dicct
1296 3553 1329 3620 A
1352 3559 1428 3642 quis

250 3665 305 3731 irio
328 3674 377 3732 est
399 3664 445 3746 P;
490 3663 630 3732 retich.
670 3663 750 3730 330.
786 3662 970 3729 Pinacium
1011 3662 1078 3727 Ubi
1111 3665 1142 3729 is
1176 3663 1265 3747 esst]
1301 3664 1366 3728 isat
1396 3665 1429 3728 A

250 3773 283 3838 ia
306 3783 354 3840 est
376 3772 416 3837 P.

356 3879 395 3944 in
419 3878 469 3945 B:
505 3878 603 3947 Asin.
629 3879 717 3948 329:
750 3881 834 3946 sotis
866 3877 923 3962 eat]
959 3877 1043 3944 actis
1065 3886 1096 3943 st
1121 3875 1149 3941 B
1172 3879 1256 3944 sotis
1281 3887 1328 3944 est
1351 3877 1426 3963 DE,

249 3986 282 4051 A
306 3985 426 4071 deest;
461 3987 479 4024 ³*
496 3985 594 4054 Asin.
619 3987 706 4054 786:
742 3985 915 4074 optumest]
942 3965 1107 4071 optustB
1143 3983 1179 4066 (i.
1205 4008 1233 4049 e.
1258 3988 1427 4070 optumst),

251 4113 464 4123 ——--—

355 4184 384 4249 *)
402 4182 466 4239 Nisi
484 4182 563 4252 quod
583 4180 672 4236 Stich.
691 4180 726 4236 59
745 4181 876 4236 codicum
896 4178 947 4235 OD
967 4178 1078 4233 librarii
1097 4196 1130 4231 -u
1149 4177 1275 4244 utillud,
1297 4178 1375 4248 qued
1394 4180 1426 4235 in

248 4271 385 4328 librorum
403 4270 480 4327 BOD
508 4270 588 4327 fonte
617 4275 679 4326 erat
704 4276 734 4325 et
762 4269 937 4336 Bservavit,
964 4270 995 4321 in
1018 4268 1129 4337 probus
1155 4273 1182 4319 et
1206 4270 1427 4325 commutavisse

249 4363 391 4431 videntur,
411 4367 444 4416 nt
465 4364 559 4434 probo
577 4360 753 4432 supplerent.
