3359 5117
721 425 943 492 ..24-

352 625 503 694 Accedit
525 624 678 713 danique
711 622 887 710 scriptura
922 631 993 692 met
1014 626 1180 711 (factabat
1204 630 1294 713 etc),
1331 649 1420 714 quae

241 732 280 800 in
301 730 403 800 libris
427 731 603 801 Plautinis
626 731 682 799 his
706 730 795 799 locis
818 730 1024 801 invenitur:

620 912 653 979 A
1107 967 1128 1009 ln
1143 978 1186 1011 uno

273 1021 432 1090 Fabulae
465 1020 503 1087 in
511 1022 690 1136 APjfflg
789 1019 822 1087 Δ
876 1127 880 1133 .
989 1022 1019 1087 P
1099 1039 1191 1083 aurove
1244 1020 1388 1088 Summa

589 1163 682 1208 Pelatlno
1100 1110 1194 1155 muno

286 1289 416 1359 Bacch.
501 1329 543 1339 —

288 1398 390 1488 capt.

288 1505 376 1577 (list.

287 1613 395 1684 llere.

288 1721 394 1790 Most.

287 1830 385 1897 Pers.

288 1938 396 2005 Peen.

288 2044 416 2113 Psend.

289 2152 383 2222 Rud.
505 2189 546 2201 -
791 2185 832 2197 -
1312 2153 1330 2217 1

291 2260 389 2329 Trin.
504 2296 548 2308 —
620 2293 664 2305 -
765 2259 850 2340 l(?)
1012 2259 1034 2323 4
1246 2257 1393 2325 avola

289 2369 393 2437 Truc.
505 2403 546 2415 -
622 2403 663 2413 -
791 2404 833 2413 -
927 2362 1087 2451 l(B:cnt)
1240 2367 1332 2432 Ἰ3

290 2515 434 2583 Summa
505 2550 546 2560 -
619 2473 917 2581 —ffl
1014 2510 1035 2575 5
1134 2475 1430 2585 ΒΜ

1305 1290 1327 1354 4

1307 1399 1328 1463 3

1311 1507 1327 1569 l

1245 1611 1391 1680 lvel8

1245 1719 1391 1788 2vel3

1309 1827 1329 1892 2

1246 1935 1392 2003 2v013

1309 2043 1331 2107 3

736 1611 754 1675 7
779 1612 838 1679 vel
862 1610 882 1677 8

735 1722 755 1785 2
779 1718 839 1786 vel
864 1721 884 1786 3

734 1829 752 1893 1
779 1830 891 1909 (aest)

736 1938 756 2003 2
780 1933 839 2000 vel
863 1935 884 2000 3

798 2041 819 2105 3

985 1327 1031 2198 ΙΙΙΙΙΙΙΙΙ

362 2675 438 2747 Iam
473 2670 713 2760 quaerendum
751 2680 815 2756 est,
853 2678 973 2739 utrum
1010 2670 1098 2740 haec
1137 2694 1275 2762 quoque
1313 2673 1420 2741 lectio

245 2782 393 2871 antiqua
416 2781 464 2847 sit
486 2800 608 2847 necue.
655 2779 704 2845 Elt
727 2779 821 2847 obici
837 2779 979 2867 quidem
995 2786 1114 2869 potest
1129 2803 1174 2847 ue
1189 2803 1260 2849 uno
1276 2781 1419 2870 quidem

245 2894 324 2960 loco
347 2889 479 2975 ambas,
514 2909 604 2976 quae
636 2894 768 2974 extant,
802 2888 1026 2956 recensiones
1049 2890 1248 2956 consentire
1282 2890 1320 2957 in
1354 2891 1422 2959 hac

246 3001 432 3090 scriptura.
479 2997 648 3065 Attamen
681 2997 725 3064 de
756 2998 884 3065 calami
919 2997 1047 3065 erratis
1081 2998 1241 3085 cogitare
1276 3007 1421 3089 propter

245 3110 401 3178 locorum
425 3106 651 3175 crebritatem
674 3127 746 3174 non
768 3129 964 3195 possumus.
1010 3107 1058 3173 Et
1081 3107 1252 3196 profecto,
1287 3108 1421 3196 siquis

247 3240 327 3286 cum
364 3216 482 3284 animo
518 3236 580 3281 suo
616 3213 905 3300 consideraverit,
944 3214 1038 3303 quod
1075 3214 1324 3303 gravissimum
1356 3223 1421 3303 est,

246 3323 402 3396 librariis
423 3322 599 3390 rationem
621 3330 700 3390 aar
722 3321 901 3389 scribendi
930 3322 1151 3390 notissimam
1174 3329 1281 3411 atque
1312 3325 1422 3391 usita-

245 3432 429 3516 tissimam,
452 3435 657 3498 contractet
672 3428 882 3518 scripturam
898 3453 919 3497 a
935 3429 1067 3498 saeculi
1079 3430 1155 3498 eius
1167 3431 1422 3499 consuetudine

246 3538 499 3609 alienissimam
513 3536 633 3622 fuisse,
656 3536 826 3604 concedet
840 3537 1009 3605 facillime
1027 3539 1170 3607 evenire
1192 3538 1359 3628 potuisse,
1381 3547 1422 3607 ut

247 3658 325 3736 act,
348 3645 380 3713 si
403 3644 601 3732 antiquitus
626 3645 780 3731 extabat,
802 3651 923 3713 tamen
946 3645 1054 3713 toties
1077 3668 1121 3713 ex
1154 3647 1267 3715 altera
1300 3670 1421 3716 recen-

248 3754 347 3822 sione
371 3752 565 3822 evauuerit.
614 3752 713 3831 Quae
736 3775 815 3821 cum
837 3753 891 3821 ita
914 3753 996 3841 sint,
1030 3754 1241 3844 scripturam
1275 3765 1347 3825 mat
1375 3755 1421 3824 ad

247 3883 467 3940 communem
490 3863 733 3931 recensionem
748 3860 1003 3930 Ambrosianus
1027 3847 1260 3960 etBalatinae
1283 3863 1419 3932 fontem

247 3969 639 4040 reterrcnobislicebit.
687 3971 798 4050 Quem
810 3968 894 4056 Leo,
910 3970 1165 4049 Quaestionum
1177 3971 1421 4040 Plautinarum

248 4100 306 4168 pg.
331 4077 385 4158 46,
408 4078 520 4144 altero
544 4101 577 4167 p.
595 4078 675 4148 Ohr.
699 4101 733 4146 n.
758 4077 899 4147 saeculo
924 4086 1041 4146 ortum
1065 4101 1141 4147 esse
1168 4080 1331 4169 coniecit,
1364 4081 1420 4150 W.

248 4183 408 4273 Lindsay
442 4191 570 4272 autem,
604 4193 791 4275 postquam
821 4186 907 4253 Otto
931 4185 1087 4274 Seyffert
1121 4195 1421 4275 argumentorum,

250 4315 340 4381 quae
377 4293 451 4361 Leo
487 4294 694 4384 protulerat,
739 4293 983 4363 infirmitatem
1021 4294 1276 4364 animadvertit
1313 4295 1419 4387 (Berl.
