3359 5117
716 469 936 535 ..61-

240 691 281 736 eo
305 666 461 735 crebrius
486 665 648 733 librarios
683 665 721 732 in
756 665 850 731 hune
886 681 1040 729 errorem
1075 661 1233 730 incidere
1268 683 1411 728 necesse

239 782 325 859 erat,
360 797 439 841 eum
463 772 604 839 etiamsi
637 772 759 838 littera
783 779 797 837 t
820 770 1050 837 omittebatur
1085 776 1198 837 totum
1232 775 1353 835 tamen
1376 774 1412 836 et

238 881 419 968 integrum
443 882 586 947 verbum
612 886 782 945 maneret.
828 880 956 964 Itaque
973 877 1080 944 etiam
1097 878 1180 964 illis,
1203 899 1290 963 quos
1307 897 1412 964 supra

241 988 413 1071 enarravi,
449 988 544 1072 loeis,
580 988 705 1073 quibus
738 1010 791 1054 -us
825 1007 899 1074 pro
925 995 992 1053 aar
1014 1015 1042 1041 =
1063 982 1209 1052 -um‘est
1243 984 1412 1072 seriptum

243 1103 310 1179 est,
346 1117 416 1162 non
441 1096 512 1162 nisi
547 1095 723 1162 adieetiva
758 1096 815 1160 vel
854 1086 1043 1182 partieipia
1076 1093 1289 1175 invenimus,
1321 1092 1413 1158 siout

240 1211 351 1270 certae
362 1205 478 1291 foetus
494 1206 603 1271 mirus
619 1206 771 1271 decretus
787 1202 935 1284 similia,
965 1191 1166 1288 numquam,
1189 1207 1229 1267 ut
1253 1201 1412 1287 exemplo

239 1318 329 1395 utar,
351 1333 414 1399 pro
438 1308 692 1400 arqeolammt
714 1318 876 1397 arqeotus
890 1310 949 1376 vel
965 1331 1029 1398 pro
1045 1311 1182 1376 ubinast
1197 1308 1315 1392 (Mero.
1334 1305 1412 1386 433)

208 1451 211 1458 ·
239 1419 362 1485 abinoe
385 1418 556 1506 seriptum
579 1417 741 1504 legimus.
789 1418 906 1502 Atque
942 1416 1015 1485 Mil.
1049 1416 1115 1481 523
1149 1418 1315 1504 neqotiuat
1342 1414 1413 1499 (13¹)

240 1524 402 1593 litteral
436 1526 564 1592 amissa
598 1548 670 1592 non
704 1525 742 1590 in
772 1527 933 1611 negotiare,
969 1524 1031 1590 sed
1064 1545 1167 1612 porro
1200 1524 1238 1590 in
1273 1504 1450 1610 neqoliis⁰

240 1631 380 1715 (B10D3
405 1632 438 1699 A
460 1655 495 1701 n.
518 1633 556 1715 i)
581 1640 784 1719 corruptum
808 1640 872 1698 est.

347 1740 423 1806 Iam
447 1740 607 1807 codicum
630 1739 835 1825 traditione,
860 1739 1021 1825 quamvis
1044 1738 1090 1804 ad
1113 1737 1201 1804 alias
1224 1758 1281 1804 res
1297 1758 1414 1824 gram·

240 1846 388 1913 matieas
411 1848 649 1934 intellgendas
688 1847 787 1915 utilis
826 1847 886 1929 sit,
925 1846 991 1913 hao
1028 1846 1068 1913 in
1106 1846 1312 1933 quaestione
1349 1867 1413 1912 nos

240 1954 393 2040 relinqui
431 1978 546 2042 neque
581 1955 647 2021 hao
686 1954 829 2041 quidem
864 1954 923 2022 via
959 1953 1005 2021 ad
1039 1953 1146 2019 finem
1180 1958 1413 2042 perventuros

242 2082 318 2129 esse
341 2063 577 2150 profitendum
601 2069 665 2130 est.

270 2652 326 2725 lV.
372 2612 433 2725 De
448 2654 602 2741 copulae
627 2664 678 2724 aar
700 2675 783 2728 cum
806 2658 915 2724 simma
938 2657 1039 2744 qualis
1063 2656 1395 2744 coagmentatione.

278 2848 279 2851 '
350 2851 551 2920 Sedunum
575 2876 686 2940 genus
699 2856 882 2922 nominum
905 2877 984 2922 cum
1009 2864 1056 2921 eat
1078 2853 1117 2921 in
1132 2876 1241 2921 unum
1257 2860 1415 2921 contrac-

243 2966 360 3027 torum
383 2982 488 3047 snpra
512 2962 703 3049 praeterii:
736 2984 829 3030 nom.
855 2963 946 3049 sing.
970 2982 1076 3029 maso.
1104 2963 1248 3028 similest
1270 2967 1306 3027 et
1328 2983 1418 3047 quae

242 3066 282 3133 in
305 3066 428 3134 eodem
462 3090 608 3135 numero
644 3075 726 3137 sunt
759 3068 932 3136 habenda.
980 3069 1078 3147 Quae
1111 3067 1253 3155 quidem
1287 3068 1417 3135 Leonis

243 3173 457 3242 sententiam
478 3176 667 3242 restituere
690 3176 868 3261 videntur,
902 3176 940 3243 id
963 3174 1058 3263 quod
1086 3198 1211 3242 revera
1245 3175 1417 3261 facerent,

243 3282 273 3349 si
297 3304 510 3369 oogeremur,
542 3290 583 3351 ut
606 3285 755 3351 formam
777 3286 922 3353 similest
957 3306 1001 3351 ex
1022 3285 1134 3351 simile
1158 3291 1207 3351 est
1241 3292 1278 3350 et
1309 3287 1418 3352 simili

243 3399 293 3459 eat
314 3397 436 3457 natam
460 3413 536 3458 esse
559 3392 791 3460 crederemus.

348 3499 422 3565 Leo
445 3501 468 3567 1.
493 3523 521 3566 o.
546 3523 627 3588 pag.
652 3500 718 3566 258
741 3522 791 3588 sq.
815 3500 903 3566 haee
928 3499 1088 3588 exempla
1112 3522 1155 3566 ex
1170 3499 1290 3567 Plauti
1315 3499 1416 3567 fabu-

241 3606 286 3674 lis
309 3613 424 3675 traota
458 3608 631 3676 eontulit:
671 3607 799 3697 Amph.
822 3608 902 3691 442,
941 3607 1039 3691 443;Ι
1067 3608 1154 3691 537;
1194 3607 1284 3695 538;
1324 3609 1416 3693 (2013

242 3715 322 3783 Aul.
346 3714 434 3802 3243
458 3714 586 3783 Bacch.
611 3717 652 3800 6;
684 3716 785 3804 Oapt.
810 3715 900 3803 5183
936 3716 1028 3785 Men.
1055 3716 1163 3811 10633
1195 3717 1301 3785 Mero.
1326 3716 1415 3803 4513

244 3821 353 3906 10053
376 3820 486 3891 Stich.
512 3822 574 3907 74;
601 3824 688 3909 7653
723 3823 820 3892 'Prin
847 3823 912 3889 679
924 3846 935 3911 3
970 3823 1056 3907 828;
1092 3823 1418 3911 urua17035053

242 3928 318 4000 507.
365 3929 482 3998 Dubia
505 3938 699 4019 praeterea,
722 3937 842 3998 utrum
865 3932 1058 3999 masculina
1091 3931 1163 3998 sint
1196 3954 1242 3998 an
1264 3938 1415 4000 neutra:

241 4037 316 4106 Mil.
343 4037 449 4124 10625
486 4037 586 4107 Asin.
626 4038 657 4107 8.
704 4038 762 4106 Ad
791 4038 854 4107 illa
885 4060 970 4107 vero
994 4045 1076 4107 sunt
1099 4038 1283 4108 addendas
1321 4040 1418 4107 Pers.

241 4146 327 4231 2013
350 4146 457 4215 Poen.
482 4146 565 4228 315;
589 4144 669 4215 Aul.
692 4146 770 4215 448.

347 4252 418 4320 Sed
440 4253 699 4322 nominativum
729 4256 871 4343 generis
906 4254 1093 4324 masculini
1126 4254 1202 4322 sive
1236 4256 1345 4322 simili
1368 4265 1417 4323 eal

242 4360 317 4431 sive
345 4362 457 4431 amita
480 4372 527 4432 err
559 4383 702 4452 umqum
726 4362 887 4432 extitisse
923 4362 1087 4454 equidem
1118 4384 1221 4453 nego.
1266 4360 1416 4454 Propius
