<?xml version="1.0" encoding="UTF-8"?>
<!DOCTYPE html PUBLIC "-//W3C//DTD XHTML 1.0 Transitional//EN"
    "http://www.w3.org/TR/xhtml1/DTD/xhtml1-transitional.dtd">
<html xmlns="http://www.w3.org/1999/xhtml" xml:lang="en" lang="en">
 <head>
  <title>
</title>
<meta http-equiv="Content-Type" content="text/html;charset=utf-8" />
  <meta name='ocr-system' content='tesseract 3.04.00' />
  <meta name='ocr-capabilities' content='ocr_page ocr_carea ocr_par ocr_line ocrx_word'/>
</head>
<body>
  <div class='ocr_page' id='page_1' title='image "./decopulaeestaph00bringoog_0072.png"; bbox 0 0 3359 5117; ppageno 0'>
   <div class='ocr_carea' id='block_1_1' title="bbox 768 481 987 546">
    <p class='ocr_par' dir='ltr' id='par_1_1' title="bbox 768 481 987 546">
     <span class='ocr_line' id='line_1_1' title="bbox 768 481 987 546; baseline -0.009 -15"><span class='ocrx_word' id='word_1_1' title='bbox 768 481 987 546; x_wconf 72' lang='grc'><strong>-66,</strong></span> 
     </span>
    </p>
   </div>
   <div class='ocr_carea' id='block_1_2' title="bbox 291 675 1469 1603">
    <p class='ocr_par' dir='ltr' id='par_1_2' title="bbox 291 675 1469 1603">
     <span class='ocr_line' id='line_1_2' title="bbox 294 675 1469 763; baseline 0.001 -21"><span class='ocrx_word' id='word_1_2' title='bbox 294 675 532 763; x_wconf 83' lang='lat' dir='ltr'><strong>coniungendi</strong></span> <span class='ocrx_word' id='word_1_3' title='bbox 555 681 647 761; x_wconf 85' lang='lat' dir='ltr'><strong>sunt,</strong></span> <span class='ocrx_word' id='word_1_4' title='bbox 682 698 764 742; x_wconf 81' lang='lat' dir='ltr'><strong>nem</strong></span> <span class='ocrx_word' id='word_1_5' title='bbox 798 677 871 742; x_wconf 89' lang='lat' dir='ltr'><strong>illis</strong></span> <span class='ocrx_word' id='word_1_6' title='bbox 908 697 1045 763; x_wconf 89' lang='lat' dir='ltr'><strong>quoque</strong></span> <span class='ocrx_word' id='word_1_7' title='bbox 1079 676 1166 743; x_wconf 87' lang='lat' dir='ltr'><strong>locis</strong></span> <span class='ocrx_word' id='word_1_8' title='bbox 1200 681 1365 744; x_wconf 89' lang='lat' dir='ltr'><strong>neutrum</strong></span> <span class='ocrx_word' id='word_1_9' title='bbox 1399 699 1469 743; x_wconf 90' lang='lat' dir='ltr'><strong>non</strong></span> 
     </span>
     <span class='ocr_line' id='line_1_3' title="bbox 293 781 1468 877; baseline 0.003 -29"><span class='ocrx_word' id='word_1_10' title='bbox 293 782 410 849; x_wconf 88' lang='lat' dir='ltr'><strong>minus</strong></span> <span class='ocrx_word' id='word_1_11' title='bbox 448 804 554 877; x_wconf 80' lang='lat' dir='ltr'><strong>quem</strong></span> <span class='ocrx_word' id='word_1_12' title='bbox 592 783 824 850; x_wconf 84' lang='lat' dir='ltr'><strong>masculinum</strong></span> <span class='ocrx_word' id='word_1_13' title='bbox 860 805 972 869; x_wconf 85' lang='lat' dir='ltr'><strong>genus</strong></span> <span class='ocrx_word' id='word_1_14' title='bbox 1011 781 1175 869; x_wconf 80' lang='lat' dir='ltr'>intellegi</span> <span class='ocrx_word' id='word_1_15' title='bbox 1197 788 1325 871; x_wconf 89' lang='lat' dir='ltr'><strong>potest.</strong></span> <span class='ocrx_word' id='word_1_16' title='bbox 1372 785 1468 852; x_wconf 65' lang='lat' dir='ltr'><strong>(Prin.</strong></span> 
     </span>
     <span class='ocr_line' id='line_1_4' title="bbox 292 889 1467 977; baseline 0.002 -21"><span class='ocrx_word' id='word_1_17' title='bbox 292 891 379 959; x_wconf 81' lang='lat'><strong>679:</strong></span> <span class='ocrx_word' id='word_1_18' title='bbox 404 889 581 977; x_wconf 76' lang='lat' dir='ltr'><strong>Lysiteles</strong></span> <span class='ocrx_word' id='word_1_19' title='bbox 603 889 807 957; x_wconf 81' lang='lat' dir='ltr'><strong>adulescens</strong></span> <span class='ocrx_word' id='word_1_20' title='bbox 818 889 1052 956; x_wconf 84' lang='lat' dir='ltr'><strong>Lesbonicum</strong></span> <span class='ocrx_word' id='word_1_21' title='bbox 1076 891 1227 957; x_wconf 80' lang='lat' dir='ltr'><strong>amioum</strong></span> <span class='ocrx_word' id='word_1_22' title='bbox 1250 889 1467 958; x_wconf 80' lang='lat' dir='ltr'><strong>levissimum</strong></span> 
     </span>
     <span class='ocr_line' id='line_1_5' title="bbox 291 996 1467 1085; baseline 0.001 -21"><span class='ocrx_word' id='word_1_23' title='bbox 291 997 466 1084; x_wconf 80' lang='lat' dir='ltr'><strong>admonet,</strong></span> <span class='ocrx_word' id='word_1_24' title='bbox 500 1021 545 1065; x_wconf 91' lang='lat' dir='ltr'><strong>ne</strong></span> <span class='ocrx_word' id='word_1_25' title='bbox 580 998 679 1063; x_wconf 87' lang='lat' dir='ltr'><strong>vitiis</strong></span> <span class='ocrx_word' id='word_1_26' title='bbox 714 996 888 1064; x_wconf 71' lang='lat' dir='ltr'><strong>{emiliam</strong></span> <span class='ocrx_word' id='word_1_27' title='bbox 923 998 1049 1085; x_wconf 84' lang='lat' dir='ltr'><strong>perdet</strong></span> <span class='ocrx_word' id='word_1_28' title='bbox 1073 1006 1109 1063; x_wconf 92' lang='lat' dir='ltr'><strong>et</strong></span> <span class='ocrx_word' id='word_1_29' title='bbox 1145 998 1246 1083; x_wconf 81' lang='lat' dir='ltr'><strong>quasi</strong></span> <span class='ocrx_word' id='word_1_30' title='bbox 1277 998 1467 1066; x_wconf 81' lang='lat' dir='ltr'><strong>incendet:</strong></span> 
     </span>
     <span class='ocr_line' id='line_1_6' title="bbox 291 1106 632 1192; baseline 0.006 -23"><span class='ocrx_word' id='word_1_31' title='bbox 291 1112 361 1169; x_wconf 84' lang='lat' dir='ltr'><strong>lnm</strong></span> <span class='ocrx_word' id='word_1_32' title='bbox 385 1109 483 1191; x_wconf 84' lang='lat' dir='ltr'><strong>enim,</strong></span> <span class='ocrx_word' id='word_1_33' title='bbox 505 1106 632 1192; x_wconf 84' lang='lat' dir='ltr'><strong>inquit,</strong></span> 
     </span>
     <span class='ocr_line' id='line_1_7' title="bbox 397 1214 1371 1300; baseline 0.002 -22"><span class='ocrx_word' id='word_1_34' title='bbox 397 1217 461 1280; x_wconf 85' lang='lat' dir='ltr'><strong>tibi</strong></span> <span class='ocrx_word' id='word_1_35' title='bbox 483 1236 591 1299; x_wconf 75' lang='lat' dir='ltr'><strong>equae</strong></span> <span class='ocrx_word' id='word_1_36' title='bbox 615 1216 678 1279; x_wconf 86' lang='lat' dir='ltr'><strong>erit</strong></span> <span class='ocrx_word' id='word_1_37' title='bbox 701 1214 834 1299; x_wconf 86' lang='lat' dir='ltr'><strong>cnpiolo,</strong></span> <span class='ocrx_word' id='word_1_38' title='bbox 854 1234 960 1299; x_wconf 73' lang='lat' dir='ltr'><strong>penne</strong></span> <span class='ocrx_word' id='word_1_39' title='bbox 984 1216 1043 1298; x_wconf 79' lang='lat' dir='ltr'><strong>qni</strong></span> <span class='ocrx_word' id='word_1_40' title='bbox 1065 1215 1257 1300; x_wconf 65' lang='lat' dir='ltr'><strong>restinguas</strong></span> <span class='ocrx_word' id='word_1_41' title='bbox 1280 1222 1371 1280; x_wconf 80' lang='lat' dir='ltr'><strong>tnoon</strong></span> 
     </span>
     <span class='ocr_line' id='line_1_8' title="bbox 397 1322 1462 1407; baseline 0 -20"><span class='ocrx_word' id='word_1_42' title='bbox 397 1330 496 1407; x_wconf 79' lang='lat' dir='ltr'><strong>etque</strong></span> <span class='ocrx_word' id='word_1_43' title='bbox 511 1325 543 1388; x_wconf 84' lang='lat' dir='ltr'><strong>si</strong></span> <span class='ocrx_word' id='word_1_44' title='bbox 558 1324 625 1388; x_wconf 81' lang='lat' dir='ltr'><strong>eris</strong></span> <span class='ocrx_word' id='word_1_45' title='bbox 638 1330 757 1387; x_wconf 84' lang='lat' dir='ltr'><strong>nactos</strong></span> <span class='ocrx_word' id='word_1_46' title='bbox 767 1322 915 1406; x_wconf 76' lang='lat' dir='ltr'><em>proinde</em></span> <span class='ocrx_word' id='word_1_47' title='bbox 927 1328 965 1386; x_wconf 89' lang='lat' dir='ltr'><strong>nt</strong></span> <span class='ocrx_word' id='word_1_48' title='bbox 977 1322 1075 1387; x_wconf 85' lang='lat' dir='ltr'><strong>corde</strong></span> <span class='ocrx_word' id='word_1_49' title='bbox 1088 1330 1240 1387; x_wconf 85' lang='lat' dir='ltr'><strong>amentes</strong></span> <span class='ocrx_word' id='word_1_50' title='bbox 1251 1331 1330 1388; x_wconf 88' lang='lat' dir='ltr'><strong>snnt</strong></span> <span class='ocrx_word' id='word_1_51' title='bbox 1342 1325 1409 1389; x_wconf 88' lang='lat' dir='ltr'><strong>coli</strong></span> <span class='ocrx_word' id='word_1_52' title='bbox 1422 1360 1462 1370; x_wconf 97' lang='lat'><em>-</em></span> 
     </span>
     <span class='ocr_line' id='line_1_9' title="bbox 395 1430 1464 1517; baseline 0.001 -23"><span class='ocrx_word' id='word_1_53' title='bbox 395 1450 437 1497; x_wconf 82' lang='lat' dir='ltr'><strong>ne</strong></span> <span class='ocrx_word' id='word_1_54' title='bbox 459 1431 647 1496; x_wconf 75' lang='lat' dir='ltr'><strong>scintillent</strong></span> <span class='ocrx_word' id='word_1_55' title='bbox 671 1432 804 1515; x_wconf 79' lang='lat' dir='ltr'><strong>quidem</strong></span> <span class='ocrx_word' id='word_1_56' title='bbox 840 1430 1020 1513; x_wconf 77' lang='lat' dir='ltr'><strong>relinques,</strong></span> <span class='ocrx_word' id='word_1_57' title='bbox 1053 1452 1159 1516; x_wconf 73' lang='lat' dir='ltr'><strong>penos</strong></span> <span class='ocrx_word' id='word_1_58' title='bbox 1191 1433 1250 1515; x_wconf 82' lang='lat' dir='ltr'><strong>qni</strong></span> <span class='ocrx_word' id='word_1_59' title='bbox 1282 1432 1464 1517; x_wconf 73' lang='lat' dir='ltr'><strong>conpliscnt</strong></span> 
     </span>
     <span class='ocr_line' id='line_1_10' title="bbox 1361 1548 1461 1603; baseline 0 0"><span class='ocrx_word' id='word_1_60' title='bbox 1361 1548 1461 1603; x_wconf 81' lang='lat' dir='ltr'><strong>loom.</strong></span> 
     </span>
    </p>
   </div>
   <div class='ocr_carea' id='block_1_3' title="bbox 288 1643 1071 1731">
    <p class='ocr_par' dir='ltr' id='par_1_3' title="bbox 288 1643 1071 1731">
     <span class='ocr_line' id='line_1_11' title="bbox 288 1643 1071 1731; baseline -0.001 -22"><span class='ocrx_word' id='word_1_61' title='bbox 288 1643 343 1709; x_wconf 88' lang='lat' dir='ltr'><strong>Ad</strong></span> <span class='ocrx_word' id='word_1_62' title='bbox 367 1665 456 1730; x_wconf 78' lang='lat' dir='ltr'><strong>quae</strong></span> <span class='ocrx_word' id='word_1_63' title='bbox 480 1644 696 1711; x_wconf 87' lang='lat' dir='ltr'><strong>Lesbonicus</strong></span> <span class='ocrx_word' id='word_1_64' title='bbox 719 1645 836 1711; x_wconf 87' lang='lat' dir='ltr'><strong>iocose</strong></span> <span class='ocrx_word' id='word_1_65' title='bbox 859 1644 1071 1731; x_wconf 76' lang='lat' dir='ltr'><strong>respondet:</strong></span> 
     </span>
    </p>
   </div>
   <div class='ocr_carea' id='block_1_4' title="bbox 223 1769 1461 3152">
    <p class='ocr_par' dir='ltr' id='par_1_4' title="bbox 223 1769 1461 2934">
     <span class='ocr_line' id='line_1_12' title="bbox 393 1769 1461 1857; baseline 0.001 -20"><span class='ocrx_word' id='word_1_66' title='bbox 393 1773 510 1838; x_wconf 79' lang='lat' dir='ltr'><strong>Facile</strong></span> <span class='ocrx_word' id='word_1_67' title='bbox 534 1781 581 1839; x_wconf 82' lang='lat' dir='ltr'><strong>est</strong></span> <span class='ocrx_word' id='word_1_68' title='bbox 604 1771 668 1855; x_wconf 87' lang='lat' dir='ltr'><strong>(sio</strong></span> <span class='ocrx_word' id='word_1_69' title='bbox 691 1771 740 1853; x_wconf 88' lang='lat' dir='ltr'><strong>P;</strong></span> <span class='ocrx_word' id='word_1_70' title='bbox 764 1771 843 1836; x_wconf 82' lang='lat' dir='ltr'><strong>An.</strong></span> <span class='ocrx_word' id='word_1_71' title='bbox 856 1769 894 1852; x_wconf 92' lang='lat' dir='ltr'><strong>l.)</strong></span> <span class='ocrx_word' id='word_1_72' title='bbox 909 1774 1071 1837; x_wconf 81' lang='lat' dir='ltr'><strong>incentu:</strong></span> <span class='ocrx_word' id='word_1_73' title='bbox 1094 1774 1199 1837; x_wconf 82' lang='lat' dir='ltr'><strong>dolor</strong></span> <span class='ocrx_word' id='word_1_74' title='bbox 1213 1774 1304 1857; x_wconf 68' lang='lat' dir='ltr'><strong>ionis</strong></span> <span class='ocrx_word' id='word_1_75' title='bbox 1327 1776 1461 1839; x_wconf 81' lang='lat' dir='ltr'><strong>tametsi</strong></span> 
     </span>
     <span class='ocr_line' id='line_1_13' title="bbox 223 1875 1460 1965; baseline 0 -20"><span class='ocrx_word' id='word_1_76' title='bbox 223 1878 225 1883; x_wconf 78' lang='grc'><strong>’</strong></span> <span class='ocrx_word' id='word_1_77' title='bbox 285 1881 327 1946; x_wconf 89' lang='lat' dir='ltr'><strong>ab</strong></span> <span class='ocrx_word' id='word_1_78' title='bbox 362 1881 501 1946; x_wconf 87' lang='lat' dir='ltr'><strong>inimico</strong></span> <span class='ocrx_word' id='word_1_79' title='bbox 529 1875 639 1965; x_wconf 80' lang='lat' dir='ltr'><strong>pelas.</strong></span> <span class='ocrx_word' id='word_1_80' title='bbox 686 1877 785 1943; x_wconf 90' lang='lat' dir='ltr'><strong>Nihil</strong></span> <span class='ocrx_word' id='word_1_81' title='bbox 809 1878 937 1957; x_wconf 83' lang='lat' dir='ltr'><strong>obstet,</strong></span> <span class='ocrx_word' id='word_1_82' title='bbox 976 1878 1062 1963; x_wconf 88' lang='lat' dir='ltr'><strong>quin</strong></span> <span class='ocrx_word' id='word_1_83' title='bbox 1092 1880 1198 1963; x_wconf 83' lang='lat' dir='ltr'><strong>focile</strong></span> <span class='ocrx_word' id='word_1_84' title='bbox 1221 1885 1270 1944; x_wconf 87' lang='lat' dir='ltr'><strong>est</strong></span> <span class='ocrx_word' id='word_1_85' title='bbox 1307 1901 1379 1944; x_wconf 87' lang='lat' dir='ltr'><strong>nou</strong></span> <span class='ocrx_word' id='word_1_86' title='bbox 1414 1880 1460 1945; x_wconf 83' lang='lat' dir='ltr'><strong>ad</strong></span> 
     </span>
     <span class='ocr_line' id='line_1_14' title="bbox 282 1985 1459 2073; baseline 0.001 -19"><span class='ocrx_word' id='word_1_87' title='bbox 282 1989 479 2073; x_wconf 83' lang='lat' dir='ltr'><strong>scintillam,</strong></span> <span class='ocrx_word' id='word_1_88' title='bbox 512 1986 574 2051; x_wconf 89' lang='lat' dir='ltr'><strong>sed</strong></span> <span class='ocrx_word' id='word_1_89' title='bbox 597 1986 643 2052; x_wconf 82' lang='lat' dir='ltr'><strong>ed</strong></span> <span class='ocrx_word' id='word_1_90' title='bbox 674 1992 787 2052; x_wconf 87' lang='lat' dir='ltr'><strong>totam</strong></span> <span class='ocrx_word' id='word_1_91' title='bbox 811 1985 1035 2071; x_wconf 78' lang='lat' dir='ltr'><strong>sententiam,</strong></span> <span class='ocrx_word' id='word_1_92' title='bbox 1070 2007 1159 2072; x_wconf 81' lang='lat' dir='ltr'><strong>quse</strong></span> <span class='ocrx_word' id='word_1_93' title='bbox 1194 1993 1248 2058; x_wconf 85' lang='lat' dir='ltr'><strong>est</strong></span> <span class='ocrx_word' id='word_1_94' title='bbox 1282 2008 1349 2052; x_wconf 88' lang='lat' dir='ltr'><strong>non</strong></span> <span class='ocrx_word' id='word_1_95' title='bbox 1384 1991 1459 2068; x_wconf 83' lang='lat' dir='ltr'><strong>erit,</strong></span> 
     </span>
     <span class='ocr_line' id='line_1_15' title="bbox 283 2093 1458 2182; baseline 0.001 -21"><span class='ocrx_word' id='word_1_96' title='bbox 283 2098 341 2181; x_wconf 79' lang='lat' dir='ltr'><strong>qni</strong></span> <span class='ocrx_word' id='word_1_97' title='bbox 362 2117 466 2182; x_wconf 75' lang='lat' dir='ltr'><strong>penus</strong></span> <span class='ocrx_word' id='word_1_98' title='bbox 489 2104 580 2162; x_wconf 79' lang='lat' dir='ltr'><strong>enon</strong></span> <span class='ocrx_word' id='word_1_99' title='bbox 603 2096 793 2181; x_wconf 74' lang='lat' dir='ltr'><strong>conpliscol,</strong></span> <span class='ocrx_word' id='word_1_100' title='bbox 815 2093 1019 2160; x_wconf 80' lang='lat' dir='ltr'><strong>referemus.</strong></span> <span class='ocrx_word' id='word_1_101' title='bbox 1067 2093 1239 2159; x_wconf 71' lang='lat' dir='ltr'><strong>Similiter</strong></span> <span class='ocrx_word' id='word_1_102' title='bbox 1262 2115 1294 2161; x_wconf 87' lang='lat' dir='ltr'><strong>v.</strong></span> <span class='ocrx_word' id='word_1_103' title='bbox 1318 2094 1394 2177; x_wconf 74' lang='lat'>828,</span> <span class='ocrx_word' id='word_1_104' title='bbox 1427 2098 1458 2163; x_wconf 89' lang='lat' dir='ltr'><strong>si</strong></span> 
     </span>
     <span class='ocr_line' id='line_1_16' title="bbox 281 2200 1456 2287; baseline 0.001 -18"><span class='ocrx_word' id='word_1_105' title='bbox 281 2205 413 2270; x_wconf 88' lang='lat' dir='ltr'><strong>nobiles</strong></span> <span class='ocrx_word' id='word_1_106' title='bbox 431 2201 519 2286; x_wconf 84' lang='lat' dir='ltr'>(OD)</span> <span class='ocrx_word' id='word_1_107' title='bbox 557 2202 615 2268; x_wconf 87' lang='lat' dir='ltr'><strong>vel</strong></span> <span class='ocrx_word' id='word_1_108' title='bbox 653 2204 777 2269; x_wconf 85' lang='lat' dir='ltr'><strong>nobilis</strong></span> <span class='ocrx_word' id='word_1_109' title='bbox 813 2200 878 2287; x_wconf 81' lang='lat' dir='ltr'><strong>(B;</strong></span> <span class='ocrx_word' id='word_1_110' title='bbox 904 2202 935 2267; x_wconf 83' lang='lat' dir='ltr'><strong>A</strong></span> <span class='ocrx_word' id='word_1_111' title='bbox 957 2224 993 2267; x_wconf 90' lang='lat' dir='ltr'><strong>n.</strong></span> <span class='ocrx_word' id='word_1_112' title='bbox 1016 2201 1056 2276; x_wconf 89' lang='lat' dir='ltr'><strong>l.)</strong></span> <span class='ocrx_word' id='word_1_113' title='bbox 1086 2223 1107 2266; x_wconf 83' lang='lat' dir='ltr'>a</span> <span class='ocrx_word' id='word_1_114' title='bbox 1131 2201 1249 2267; x_wconf 85' lang='lat' dir='ltr'><strong>Leone</strong></span> <span class='ocrx_word' id='word_1_115' title='bbox 1288 2210 1384 2269; x_wconf 86' lang='lat' dir='ltr'><strong>recte</strong></span> <span class='ocrx_word' id='word_1_116' title='bbox 1419 2204 1456 2270; x_wconf 89' lang='lat' dir='ltr'><strong>in</strong></span> 
     </span>
     <span class='ocr_line' id='line_1_17' title="bbox 281 2308 1456 2392; baseline 0.002 -15"><span class='ocrx_word' id='word_1_117' title='bbox 281 2313 423 2377; x_wconf 76' lang='lat' dir='ltr'><strong>nobilest</strong></span> <span class='ocrx_word' id='word_1_118' title='bbox 446 2318 641 2378; x_wconf 85' lang='lat' dir='ltr'><strong>correctum</strong></span> <span class='ocrx_word' id='word_1_119' title='bbox 666 2332 741 2375; x_wconf 87' lang='lat' dir='ltr'><strong>esse</strong></span> <span class='ocrx_word' id='word_1_120' title='bbox 765 2308 987 2376; x_wconf 84' lang='lat' dir='ltr'><strong>concedimus</strong></span> <span class='ocrx_word' id='word_1_121' title='bbox 1019 2314 1081 2392; x_wconf 88' lang='lat' dir='ltr'><strong>(est</strong></span> <span class='ocrx_word' id='word_1_122' title='bbox 1105 2309 1199 2374; x_wconf 90' lang='lat' dir='ltr'><strong>enim</strong></span> <span class='ocrx_word' id='word_1_123' title='bbox 1235 2308 1456 2379; x_wconf 81' lang='lat' dir='ltr'><strong>desideraba-</strong></span> 
     </span>
     <span class='ocr_line' id='line_1_18' title="bbox 279 2415 1456 2504; baseline 0.003 -21"><span class='ocrx_word' id='word_1_124' title='bbox 279 2421 362 2503; x_wconf 82' lang='lat' dir='ltr'><strong>tur),</strong></span> <span class='ocrx_word' id='word_1_125' title='bbox 385 2425 505 2484; x_wconf 85' lang='lat' dir='ltr'><strong>temen</strong></span> <span class='ocrx_word' id='word_1_126' title='bbox 528 2417 594 2484; x_wconf 87' lang='lat' dir='ltr'><strong>hoe</strong></span> <span class='ocrx_word' id='word_1_127' title='bbox 617 2419 760 2484; x_wconf 76' lang='lat' dir='ltr'><strong>nobilest</strong></span> <span class='ocrx_word' id='word_1_128' title='bbox 782 2415 912 2482; x_wconf 83' lang='lat' dir='ltr'><strong>nonad</strong></span> <span class='ocrx_word' id='word_1_129' title='bbox 933 2418 1079 2503; x_wconf 74' lang='lat' dir='ltr'><strong>plocium</strong></span> <span class='ocrx_word' id='word_1_130' title='bbox 1102 2426 1369 2504; x_wconf 82' lang='lat' dir='ltr'><strong>retrospectare,</strong></span> <span class='ocrx_word' id='word_1_131' title='bbox 1393 2420 1456 2486; x_wconf 90' lang='lat' dir='ltr'><strong>sed</strong></span> 
     </span>
     <span class='ocr_line' id='line_1_19' title="bbox 279 2524 1454 2612; baseline 0.002 -22"><span class='ocrx_word' id='word_1_132' title='bbox 279 2525 325 2591; x_wconf 88' lang='lat' dir='ltr'><strong>ed</strong></span> <span class='ocrx_word' id='word_1_133' title='bbox 341 2548 393 2612; x_wconf 83' lang='lat' dir='ltr'><strong>ea,</strong></span> <span class='ocrx_word' id='word_1_134' title='bbox 417 2547 505 2611; x_wconf 80' lang='lat' dir='ltr'><strong>quse</strong></span> <span class='ocrx_word' id='word_1_135' title='bbox 522 2531 699 2608; x_wconf 82' lang='lat' dir='ltr'><strong>secuntur,</strong></span> <span class='ocrx_word' id='word_1_136' title='bbox 715 2524 926 2591; x_wconf 81' lang='lat' dir='ltr'><strong>trahendum</strong></span> <span class='ocrx_word' id='word_1_137' title='bbox 940 2546 1232 2611; x_wconf 83' lang='lat' dir='ltr'><strong>esse.oensemus;</strong></span> <span class='ocrx_word' id='word_1_138' title='bbox 1249 2524 1454 2592; x_wconf 79' lang='lat' dir='ltr'><strong>Charmides</strong></span> 
     </span>
     <span class='ocr_line' id='line_1_20' title="bbox 279 2632 1450 2721; baseline 0.002 -24"><span class='ocrx_word' id='word_1_139' title='bbox 279 2633 372 2698; x_wconf 90' lang='lat' dir='ltr'><strong>enim</strong></span> <span class='ocrx_word' id='word_1_140' title='bbox 394 2633 560 2721; x_wconf 86' lang='lat' dir='ltr'><strong>Neptuno</strong></span> <span class='ocrx_word' id='word_1_141' title='bbox 585 2633 719 2718; x_wconf 81' lang='lat' dir='ltr'><strong>gratius</strong></span> <span class='ocrx_word' id='word_1_142' title='bbox 743 2633 832 2720; x_wconf 82' lang='lat' dir='ltr'><strong>agit,</strong></span> <span class='ocrx_word' id='word_1_143' title='bbox 865 2632 958 2719; x_wconf 91' lang='lat' dir='ltr'><strong>quod</strong></span> <span class='ocrx_word' id='word_1_144' title='bbox 981 2634 1088 2719; x_wconf 85' lang='lat' dir='ltr'><strong>lengo</strong></span> <span class='ocrx_word' id='word_1_145' title='bbox 1122 2632 1251 2698; x_wconf 86' lang='lat' dir='ltr'><strong>itinere</strong></span> <span class='ocrx_word' id='word_1_146' title='bbox 1286 2642 1450 2720; x_wconf 86' lang='lat' dir='ltr'><strong>superato</strong></span> 
     </span>
     <span class='ocr_line' id='line_1_21' title="bbox 276 2739 1448 2825; baseline 0.002 -20"><span class='ocrx_word' id='word_1_147' title='bbox 276 2739 463 2806; x_wconf 86' lang='lat' dir='ltr'><strong>incolumis</strong></span> <span class='ocrx_word' id='word_1_148' title='bbox 480 2740 620 2806; x_wconf 88' lang='lat' dir='ltr'><strong>domum</strong></span> <span class='ocrx_word' id='word_1_149' title='bbox 636 2739 753 2825; x_wconf 86' lang='lat' dir='ltr'><strong>rediit,</strong></span> <span class='ocrx_word' id='word_1_150' title='bbox 777 2748 812 2805; x_wconf 90' lang='lat' dir='ltr'><strong>et</strong></span> <span class='ocrx_word' id='word_1_151' title='bbox 835 2739 998 2807; x_wconf 83' lang='lat' dir='ltr'><strong>leudibus</strong></span> <span class='ocrx_word' id='word_1_152' title='bbox 1016 2740 1113 2806; x_wconf 91' lang='lat' dir='ltr'><strong>tollit</strong></span> <span class='ocrx_word' id='word_1_153' title='bbox 1129 2741 1236 2806; x_wconf 82' lang='lat' dir='ltr'><strong>maris</strong></span> <span class='ocrx_word' id='word_1_154' title='bbox 1249 2739 1448 2808; x_wconf 86' lang='lat' dir='ltr'><strong>dominum:</strong></span> 
     </span>
     <span class='ocr_line' id='line_1_22' title="bbox 278 2848 1449 2934; baseline 0.001 -22"><span class='ocrx_word' id='word_1_155' title='bbox 278 2896 286 2912; x_wconf 91' lang='lat'><strong>.</strong></span> <span class='ocrx_word' id='word_1_156' title='bbox 311 2896 319 2913; x_wconf 86' lang='lat'><strong>.</strong></span> <span class='ocrx_word' id='word_1_157' title='bbox 346 2898 353 2913; x_wconf 91' lang='lat'><strong>.</strong></span> <span class='ocrx_word' id='word_1_158' title='bbox 378 2857 477 2933; x_wconf 80' lang='lat' dir='ltr'><strong>utque</strong></span> <span class='ocrx_word' id='word_1_159' title='bbox 501 2848 588 2913; x_wconf 74' lang='lat' dir='ltr'><strong>ndns</strong></span> <span class='ocrx_word' id='word_1_160' title='bbox 612 2856 705 2914; x_wconf 80' lang='lat' dir='ltr'><strong>tuane</strong></span> <span class='ocrx_word' id='word_1_161' title='bbox 727 2850 873 2933; x_wconf 77' lang='lat' dir='ltr'><strong>pldricrn</strong></span> <span class='ocrx_word' id='word_1_162' title='bbox 896 2852 966 2913; x_wconf 79' lang='lat' dir='ltr'><strong>inne</strong></span> <span class='ocrx_word' id='word_1_163' title='bbox 989 2849 1067 2916; x_wconf 81' lang='lat' dir='ltr'><strong>dnte</strong></span> <span class='ocrx_word' id='word_1_164' title='bbox 1091 2851 1231 2914; x_wconf 85' lang='lat' dir='ltr'><strong>cnrlbns</strong></span> <span class='ocrx_word' id='word_1_165' title='bbox 1246 2850 1449 2934; x_wconf 71' lang='lat' dir='ltr'><strong>acceperam,</strong></span> 
     </span>
    </p>

    <p class='ocr_par' dir='ltr' id='par_1_5' title="bbox 269 2956 1449 3152">
     <span class='ocr_line' id='line_1_23' title="bbox 966 2956 1449 3040; baseline 0.002 -20"><span class='ocrx_word' id='word_1_166' title='bbox 966 2964 998 3021; x_wconf 84' lang='lat' dir='ltr'><strong>et</strong></span> <span class='ocrx_word' id='word_1_167' title='bbox 1019 2958 1161 3022; x_wconf 76' lang='lat' dir='ltr'><strong>nobilest</strong></span> <span class='ocrx_word' id='word_1_168' title='bbox 1183 2957 1278 3040; x_wconf 81' lang='lat' dir='ltr'><strong>‹ipnd</strong></span> <span class='ocrx_word' id='word_1_169' title='bbox 1301 2956 1449 3022; x_wconf 84' lang='lat' dir='ltr'><strong>bomine&#39;s</strong></span> 
     </span>
     <span class='ocr_line' id='line_1_24' title="bbox 269 3064 1447 3152; baseline -0.003 -19"><span class='ocrx_word' id='word_1_170' title='bbox 269 3068 484 3152; x_wconf 75' lang='lat' dir='ltr'><strong>pauperibus</strong></span> <span class='ocrx_word' id='word_1_171' title='bbox 507 3066 539 3129; x_wconf 77' lang='lat' dir='ltr'><strong>lb</strong></span> <span class='ocrx_word' id='word_1_172' title='bbox 555 3066 700 3151; x_wconf 75' lang='lat' dir='ltr'><strong>parcere</strong></span> <span class='ocrx_word' id='word_1_173' title='bbox 723 3066 860 3130; x_wconf 80' lang='lat' dir='ltr'><strong>solitelnn</strong></span> <span class='ocrx_word' id='word_1_174' title='bbox 883 3066 969 3130; x_wconf 74' lang='lat' dir='ltr'><strong>dites</strong></span> <span class='ocrx_word' id='word_1_175' title='bbox 991 3064 1157 3129; x_wconf 73' lang='lat' dir='ltr'><strong>domnine</strong></span> <span class='ocrx_word' id='word_1_176' title='bbox 1180 3065 1280 3148; x_wconf 78' lang='lat' dir='ltr'><strong>otqne&#39;</strong></span> <span class='ocrx_word' id='word_1_177' title='bbox 1300 3065 1447 3130; x_wconf 73' lang='lat' dir='ltr'><strong>domare.</strong></span> 
     </span>
    </p>
   </div>
   <div class='ocr_carea' id='block_1_5' title="bbox 271 3190 1447 3494">
    <p class='ocr_par' dir='ltr' id='par_1_6' title="bbox 271 3190 1447 3494">
     <span class='ocr_line' id='line_1_25' title="bbox 380 3190 1447 3278; baseline -0.003 -19"><span class='ocrx_word' id='word_1_178' title='bbox 380 3191 430 3259; x_wconf 88' lang='lat' dir='ltr'><strong>Ut</strong></span> <span class='ocrx_word' id='word_1_179' title='bbox 453 3190 511 3257; x_wconf 89' lang='lat' dir='ltr'><strong>hio</strong></span> <span class='ocrx_word' id='word_1_180' title='bbox 534 3193 645 3257; x_wconf 80' lang='lat' dir='ltr'><strong>nobile</strong></span> <span class='ocrx_word' id='word_1_181' title='bbox 668 3212 730 3278; x_wconf 90' lang='lat' dir='ltr'><strong>pro</strong></span> <span class='ocrx_word' id='word_1_182' title='bbox 767 3200 881 3257; x_wconf 83' lang='lat' dir='ltr'><strong>notum</strong></span> <span class='ocrx_word' id='word_1_183' title='bbox 915 3190 1067 3278; x_wconf 86' lang='lat' dir='ltr'><strong>positum</strong></span> <span class='ocrx_word' id='word_1_184' title='bbox 1105 3195 1168 3273; x_wconf 79' lang='lat' dir='ltr'><strong>eet,</strong></span> <span class='ocrx_word' id='word_1_185' title='bbox 1202 3190 1254 3254; x_wconf 85' lang='lat' dir='ltr'><strong>ite</strong></span> <span class='ocrx_word' id='word_1_186' title='bbox 1288 3191 1447 3275; x_wconf 73' lang='lat' dir='ltr'><strong>ipnobilis</strong></span> 
     </span>
     <span class='ocr_line' id='line_1_26' title="bbox 273 3295 1446 3386; baseline -0.003 -22"><span class='ocrx_word' id='word_1_187' title='bbox 273 3321 336 3386; x_wconf 90' lang='lat' dir='ltr'><strong>pro</strong></span> <span class='ocrx_word' id='word_1_188' title='bbox 359 3302 491 3385; x_wconf 71' lang='lat' dir='ltr'><strong>ipnotns</strong></span> <span class='ocrx_word' id='word_1_189' title='bbox 503 3295 629 3363; x_wconf 84' lang='lat' dir='ltr'><strong>Pseud.</strong></span> <span class='ocrx_word' id='word_1_190' title='bbox 655 3297 730 3365; x_wconf 78' lang='lat'><strong>592.</strong></span> <span class='ocrx_word' id='word_1_191' title='bbox 778 3298 883 3385; x_wconf 87' lang='lat' dir='ltr'><strong>Apud</strong></span> <span class='ocrx_word' id='word_1_192' title='bbox 897 3298 1108 3385; x_wconf 87' lang='lat' dir='ltr'><strong>posteriores</strong></span> <span class='ocrx_word' id='word_1_193' title='bbox 1125 3303 1244 3363; x_wconf 82' lang='lat' dir='ltr'><strong>eutem</strong></span> <span class='ocrx_word' id='word_1_194' title='bbox 1257 3296 1446 3384; x_wconf 82' lang='lat' dir='ltr'><strong>scriptores</strong></span> 
     </span>
     <span class='ocr_line' id='line_1_27' title="bbox 271 3404 1443 3494; baseline -0.002 -21"><span class='ocrx_word' id='word_1_195' title='bbox 271 3408 396 3473; x_wconf 88' lang='lat' dir='ltr'><strong>nobilis</strong></span> <span class='ocrx_word' id='word_1_196' title='bbox 418 3427 481 3494; x_wconf 88' lang='lat' dir='ltr'><strong>pro</strong></span> <span class='ocrx_word' id='word_1_197' title='bbox 505 3414 604 3472; x_wconf 78' lang='lat' dir='ltr'><strong>notus</strong></span> <span class='ocrx_word' id='word_1_198' title='bbox 627 3404 834 3491; x_wconf 83' lang='lat' dir='ltr'><strong>saepissime</strong></span> <span class='ocrx_word' id='word_1_199' title='bbox 864 3405 1020 3471; x_wconf 87' lang='lat' dir='ltr'><strong>inveniri</strong></span> <span class='ocrx_word' id='word_1_200' title='bbox 1054 3427 1110 3470; x_wconf 86' lang='lat' dir='ltr'><strong>res</strong></span> <span class='ocrx_word' id='word_1_201' title='bbox 1146 3404 1233 3470; x_wconf 85' lang='lat' dir='ltr'><strong>setis</strong></span> <span class='ocrx_word' id='word_1_202' title='bbox 1268 3404 1355 3470; x_wconf 83' lang='lat' dir='ltr'><strong>trite</strong></span> <span class='ocrx_word' id='word_1_203' title='bbox 1380 3414 1443 3471; x_wconf 83' lang='lat' dir='ltr'><strong>est.</strong></span> 
     </span>
    </p>
   </div>
   <div class='ocr_carea' id='block_1_6' title="bbox 270 3529 1444 3722">
    <p class='ocr_par' dir='ltr' id='par_1_7' title="bbox 270 3529 1444 3722">
     <span class='ocr_line' id='line_1_28' title="bbox 377 3529 1444 3616; baseline -0.002 -19"><span class='ocrx_word' id='word_1_204' title='bbox 377 3531 447 3599; x_wconf 82' lang='lat' dir='ltr'><strong>Sed</strong></span> <span class='ocrx_word' id='word_1_205' title='bbox 470 3532 557 3598; x_wconf 83' lang='lat' dir='ltr'><strong>haee</strong></span> <span class='ocrx_word' id='word_1_206' title='bbox 580 3529 761 3604; x_wconf 80' lang='lat' dir='ltr'><strong>hactenus.</strong></span> <span class='ocrx_word' id='word_1_207' title='bbox 808 3530 1008 3596; x_wconf 85' lang='lat' dir='ltr'><strong>Redeamus</strong></span> <span class='ocrx_word' id='word_1_208' title='bbox 1032 3531 1078 3596; x_wconf 82' lang='lat' dir='ltr'><strong>ad</strong></span> <span class='ocrx_word' id='word_1_209' title='bbox 1089 3530 1251 3616; x_wconf 79' lang='lat' dir='ltr'><strong>Nonium,</strong></span> <span class='ocrx_word' id='word_1_210' title='bbox 1277 3531 1337 3615; x_wconf 91' lang='lat' dir='ltr'><strong>qui</strong></span> <span class='ocrx_word' id='word_1_211' title='bbox 1348 3530 1444 3595; x_wconf 84' lang='lat' dir='ltr'><strong>eliud</strong></span> 
     </span>
     <span class='ocr_line' id='line_1_29' title="bbox 270 3636 1123 3722; baseline 0 -18"><span class='ocrx_word' id='word_1_212' title='bbox 270 3638 377 3705; x_wconf 84' lang='lat' dir='ltr'><strong>etiem</strong></span> <span class='ocrx_word' id='word_1_213' title='bbox 399 3640 496 3705; x_wconf 89' lang='lat' dir='ltr'><strong>illius</strong></span> <span class='ocrx_word' id='word_1_214' title='bbox 519 3636 771 3706; x_wconf 81' lang='lat' dir='ltr'><strong>contractionis</strong></span> <span class='ocrx_word' id='word_1_215' title='bbox 795 3659 907 3722; x_wconf 84' lang='lat' dir='ltr'><strong>genus</strong></span> <span class='ocrx_word' id='word_1_216' title='bbox 930 3644 1123 3705; x_wconf 83' lang='lat' dir='ltr'><strong>memorat:</strong></span> 
     </span>
    </p>
   </div>
   <div class='ocr_carea' id='block_1_7' title="bbox 314 3763 1443 4065">
    <p class='ocr_par' dir='ltr' id='par_1_8' title="bbox 314 3763 1443 4065">
     <span class='ocr_line' id='line_1_30' title="bbox 314 3763 1443 3853; baseline 0.002 -23"><span class='ocrx_word' id='word_1_217' title='bbox 314 3769 344 3832; x_wconf 80' lang='lat'><strong>2.</strong></span> <span class='ocrx_word' id='word_1_218' title='bbox 378 3768 412 3846; x_wconf 84' lang='lat' dir='ltr'><strong>e)</strong></span> <span class='ocrx_word' id='word_1_219' title='bbox 436 3788 469 3853; x_wconf 83' lang='lat' dir='ltr'><strong>p.</strong></span> <span class='ocrx_word' id='word_1_220' title='bbox 493 3763 599 3852; x_wconf 67' lang='grc' dir='ltr'><strong>227,η</strong></span> <span class='ocrx_word' id='word_1_221' title='bbox 623 3763 693 3829; x_wconf 78' lang='lat' dir='ltr'><strong>M.z</strong></span> <span class='ocrx_word' id='word_1_222' title='bbox 727 3765 832 3847; x_wconf 87' lang='lat' dir='ltr'><strong>‚Tole‘</strong></span> <span class='ocrx_word' id='word_1_223' title='bbox 851 3767 1003 3850; x_wconf 81' lang='lat' dir='ltr'><strong>positum</strong></span> <span class='ocrx_word' id='word_1_224' title='bbox 1021 3787 1088 3851; x_wconf 81' lang='lat' dir='ltr'><strong>pro</strong></span> <span class='ocrx_word' id='word_1_225' title='bbox 1121 3766 1246 3841; x_wconf 59' lang='lat' dir='ltr'><strong>talisd)</strong></span> <span class='ocrx_word' id='word_1_226' title='bbox 1296 3766 1443 3832; x_wconf 78' lang='lat' dir='ltr'><strong>Titinius</strong></span> 
     </span>
     <span class='ocr_line' id='line_1_31' title="bbox 375 3873 1443 3959; baseline -0.001 -18"><span class='ocrx_word' id='word_1_227' title='bbox 375 3873 517 3952; x_wconf 50' lang='lat' dir='ltr'><strong>adina:</strong></span> <span class='ocrx_word' id='word_1_228' title='bbox 540 3873 667 3957; x_wconf 83' lang='lat' dir='ltr'><strong>‚accede</strong></span> <span class='ocrx_word' id='word_1_229' title='bbox 690 3873 737 3936; x_wconf 86' lang='lat' dir='ltr'><strong>ecl</strong></span> <span class='ocrx_word' id='word_1_230' title='bbox 748 3892 909 3957; x_wconf 84' lang='lat' dir='ltr'><strong>sponsum</strong></span> <span class='ocrx_word' id='word_1_231' title='bbox 920 3873 1105 3939; x_wconf 71' lang='lat' dir='ltr'><strong>nocenter.</strong></span> <span class='ocrx_word' id='word_1_232' title='bbox 1129 3894 1236 3959; x_wconf 75' lang='lat' dir='ltr'><strong>serpo,</strong></span> <span class='ocrx_word' id='word_1_233' title='bbox 1259 3873 1443 3940; x_wconf 81' lang='lat' dir='ltr'><strong>nllotolest</strong></span> 
     </span>
     <span class='ocr_line' id='line_1_32' title="bbox 373 3978 1442 4065; baseline 0 -18"><span class='ocrx_word' id='word_1_234' title='bbox 373 3980 485 4048; x_wconf 78' lang='lat' dir='ltr'><strong>Setiae</strong></span> <span class='ocrx_word' id='word_1_235' title='bbox 497 3980 521 4045; x_wconf 52' lang='grc' dir='ltr'><strong>,Ψ</strong></span> <span class='ocrx_word' id='word_1_236' title='bbox 556 3980 654 4046; x_wconf 84' lang='lat' dir='ltr'><strong>nollo</strong></span> <span class='ocrx_word' id='word_1_237' title='bbox 689 3988 736 4045; x_wconf 86' lang='lat' dir='ltr'><strong>est</strong></span> <span class='ocrx_word' id='word_1_238' title='bbox 770 3980 851 4044; x_wconf 81' lang='lat' dir='ltr'><strong>lulis</strong></span> <span class='ocrx_word' id='word_1_239' title='bbox 886 3984 970 4047; x_wconf 85' lang='lat' dir='ltr'><strong>etiae</strong></span> <span class='ocrx_word' id='word_1_240' title='bbox 1005 3978 1176 4047; x_wconf 80' lang='lat' dir='ltr'><strong>traditum</strong></span> <span class='ocrx_word' id='word_1_241' title='bbox 1211 3986 1274 4065; x_wconf 84' lang='lat' dir='ltr'><strong>est,</strong></span> <span class='ocrx_word' id='word_1_242' title='bbox 1308 3981 1442 4047; x_wconf 85' lang='lat' dir='ltr'><strong>benee</strong></span> 
     </span>
    </p>
   </div>
   <div class='ocr_carea' id='block_1_8' title="bbox 371 4087 774 4155">
    <p class='ocr_par' dir='ltr' id='par_1_9' title="bbox 371 4087 774 4155">
     <span class='ocr_line' id='line_1_33' title="bbox 371 4087 774 4155; baseline -0.01 1"><span class='ocrx_word' id='word_1_243' title='bbox 371 4087 542 4155; x_wconf 87' lang='lat' dir='ltr'><strong>Muellero</strong></span> <span class='ocrx_word' id='word_1_244' title='bbox 568 4092 774 4153; x_wconf 88' lang='lat' dir='ltr'><strong>correctum.</strong></span> 
     </span>
    </p>
   </div>
   <div class='ocr_carea' id='block_1_9' title="bbox 265 4253 475 4269">
    <p class='ocr_par' dir='ltr' id='par_1_10' title="bbox 265 4253 475 4269">
     <span class='ocr_line' id='line_1_34' title="bbox 265 4253 475 4269; baseline 0 0"><span class='ocrx_word' id='word_1_245' title='bbox 265 4253 475 4269; x_wconf 66' lang='lat' dir='ltr'>·-··--···-—·x</span> 
     </span>
    </p>
   </div>
   <div class='ocr_carea' id='block_1_10' title="bbox 370 4355 1331 4429">
    <p class='ocr_par' dir='ltr' id='par_1_11' title="bbox 370 4355 1331 4429">
     <span class='ocr_line' id='line_1_35' title="bbox 370 4355 1331 4429; baseline 0.001 -18"><span class='ocrx_word' id='word_1_246' title='bbox 370 4358 397 4428; x_wconf 76' lang='lat' dir='ltr'><strong>*l</strong></span> <span class='ocrx_word' id='word_1_247' title='bbox 415 4358 520 4412; x_wconf 87' lang='lat' dir='ltr'><strong>Dicere</strong></span> <span class='ocrx_word' id='word_1_248' title='bbox 540 4355 665 4410; x_wconf 78' lang='lat' dir='ltr'><strong>debebat</strong></span> <span class='ocrx_word' id='word_1_249' title='bbox 685 4355 813 4411; x_wconf 83' lang='lat' dir='ltr'><strong>Nonius:</strong></span> <span class='ocrx_word' id='word_1_250' title='bbox 837 4358 937 4411; x_wconf 82' lang='lat' dir='ltr'><strong>Talest</strong></span> <span class='ocrx_word' id='word_1_251' title='bbox 952 4361 1080 4428; x_wconf 82' lang='lat' dir='ltr'><strong>positum</strong></span> <span class='ocrx_word' id='word_1_252' title='bbox 1095 4379 1154 4429; x_wconf 85' lang='lat' dir='ltr'><strong>pro</strong></span> <span class='ocrx_word' id='word_1_253' title='bbox 1176 4362 1255 4427; x_wconf 81' lang='lat' dir='ltr'><strong>,telis</strong></span> <span class='ocrx_word' id='word_1_254' title='bbox 1274 4366 1331 4413; x_wconf 82' lang='lat' dir='ltr'><strong>ecl·¹</strong></span> 
     </span>
    </p>
   </div>
   <div class='ocr_carea' id='block_1_11' title="bbox 0 0 1684 5117">
    <p class='ocr_par' dir='ltr' id='par_1_12' title="bbox 0 0 1684 5117">
     <span class='ocr_line' id='line_1_36' title="bbox 0 0 1684 5117; baseline 0 10"><span class='ocrx_word' id='word_1_255' title='bbox 0 0 1684 5117; x_wconf 95' lang='lat' dir='ltr'><strong> </strong></span> 
     </span>
    </p>
   </div>
  </div>
 </body>
</html>
