3359 5117
720 464 946 532 -30.-.

244 661 461 730 sententiam
477 662 582 752 plane
598 668 739 730 secutus
756 670 810 729 est
833 662 926 748 (Let.
949 661 1044 751 long.
1069 685 1149 751 pag.
1167 663 1210 729 60
1225 666 1300 749 sq.).
1325 656 1425 732 Unus

245 767 392 836 Carolus
408 770 613 857 Brugmann
637 770 802 856 (Grundr.
821 773 834 812 ²
856 768 1083 853 1371-372)
1096 772 1128 851 ³¹³)
1150 770 1188 836 in
1205 793 1268 836 ess·
1281 770 1423 857 quidem

245 884 282 942 et
305 880 376 965 ·ef·
398 875 598 945 litterarum
615 877 871 966 compositione
894 900 917 943 u
940 878 992 943 ita
1008 878 1227 945 obscuratam
1245 900 1321 944 esse
1337 878 1424 963 vult,

245 989 286 1049 ut
308 984 420 1072 lou'ga'
440 984 573 1052 vocalis
603 1007 666 1074 per
689 1007 792 1051 nares
817 1007 982 1073 expressa
1005 991 1084 1053 orta
1107 985 1164 1052 sit.

353 1090 446 1158 Saue
463 1092 725 1160 concedendum
738 1100 793 1159 est
808 1093 1037 1179 argumentis,
1062 1114 1151 1178 quae
1167 1093 1193 1159 J
1194 1093 1249 1161 oh.
1264 1092 1425 1159 Schmidt

242 1196 266 1267 l.
290 1197 312 1264 l.
337 1199 500 1287 exposuit
522 1206 559 1267 et
571 1200 670 1266 Aem.
685 1200 873 1267 Seelmenn
896 1221 977 1288 pag.
1000 1199 1068 1265 289
1091 1199 1245 1267 breviter
1268 1221 1424 1289 compre·

243 1303 380 1388 hendit,
403 1306 441 1373 id
464 1306 605 1394 quidem
641 1307 735 1374 effici
770 1307 910 1374 litteras
933 1331 957 1374 u
981 1315 1018 1373 et
1040 1331 1074 1372 m
1108 1308 1311 1374 obscuratas
1335 1329 1421 1393 esse,

242 1412 389 1481 minime
411 1436 504 1481 vero·
529 1414 595 1480 hac
629 1414 768 1481 ratione
803 1415 857 1481 rei
890 1424 1054 1481 naturam
1091 1414 1240 1482 definiri.
1267 1408 1423 1495 ‘Quodsi

244 1520 448 1588 Seelma'nni
459 1521 657 1589 rationibus
668 1521 898 1589 nihilominus
909 1521 1081 1589 obsistere
1091 1521 1216 1609 audeo,
1228 1529 1422 1591 commotus

226 1650 324 1695 ‘sum
347 1629 543 1717 pertimeo
565 1652 613 1716 re,
649 1630 743 1717 quod
770 1631 849 1719 ipsa
879 1630 951 1699 viri
984 1629 1179 1698 doctissimi
1212 1640 1421 1722 argumenta

243 1757 315 1803 non
338 1738 537 1804 necessaria
561 1759 637 1804 esse
670 1736 758 1805 mihi
782 1736 959 1824 videntur,
982 1738 1112 1827 partim
1136 1760 1187 1824 ec,
1223 1738 1316 1824 quod
1335 1761 1422 1806 non·

242 1843 352 1923 nulla,
375 1865 465 1931 quae
489 1843 533 1912 de
568 1845 821 1935 orthographia
845 1844 1004 1913 codicum
1028 1846 1271 1913 Plautiucrum
1302 1846 1419 1914 obser·

243 1951 417 2035 vovimus,
463 1974 553 2038 quae
592 1952 735 2040 quidem
773 1975 816 2019 ex
864 1952 1118 2021 enuntiationis
1165 1953 1420 2021 consuetudine

243 2058 339 2147 apud
362 2059 537 2128 librarios
560 2061 655 2150 ipsos
684 2067 759 2128 tum
793 2068 937 2150 recepta
971 2061 1114 2129 fluxisse
1148 2068 1306 2150 apparet,
1341 2085 1420 2129 cum

244 2166 447 2235 Seelmanui
469 2168 766 2258 interpretatione
800 2189 872 2236 nou
896 2170 1122 2255 conveniunt,
1157 2168 1220 2235 sed
1243 2168 1352 2235 aliurn
1375 2168 1422 2236 ad

244 2274 351 2343 finem
373 2295 438 2343 nos
461 2274 603 2344 ducunt.

353 2382 489 2450 Summi
522 2383 694 2451 momenti
728 2383 874 2451 fuerunt
897 2383 1108 2453 Seelmannc
1131 2384 1224 2451 Mari
1246 2384 1424 2452 Victorini

245 2489 468 2577 grammatici
490 2490 608 2576 verba,
643 2491 768 2577 quibus
798 2490 981 2580 prohiberi
1002 2513 1066 2559 nos
1089 2497 1202 2580 putat,
1237 2492 1423 2579 quominus

245 2620 269 2665 u
292 2604 330 2665 et
351 2620 385 2663 m
407 2604 492 2669 ante
515 2606 767 2666 consonantem
802 2599 937 2688 positas
971 2599 1010 2666 in
1048 2600 1207 2667 nasalem
1247 2598 1423 2685 quandam

244 2726 378 2792 vocem,
413 2726 503 2792 quae
527 2727 606 2773 cum
630 2706 743 2774 vocali
767 2706 1001 2774 antecedente
1025 2707 1213 2775 coniuncta
1237 2708 1293 2793 sit,
1326 2714 1423 2774 tran·

245 2812 347 2880 siisse
359 2811 553 2896 credamus,
578 2814 692 2901 qualis
706 2814 808 2883 verbi
823 2815 941 2902 gratia
956 2814 994 2882 in
1018 2817 1158 2883 chaeur
1170 2836 1256 2882 voce
1272 2815 1423 2882 thanco-

244 2919 374 3009 gallica
408 2919 562 2990 auditur.
620 2921 789 3010 Legimus
825 2921 920 2990 enim
955 2923 1030 3005 (Gr.
1066 2922 1107 2991 L.
1140 2922 1202 3010 VI,
1239 2923 1291 3003 16,
1314 2968 1330 3009 4
1352 2923 1423 3003 K):

244 3029 319 3096 Hor
340 3050 443 3115 voees,
474 3051 714 3118 nonuunquam
737 3052 911 3118 nunquam
942 3032 1099 3117 neuquid
1133 3053 1326 3117 quaequam
1359 3052 1423 3097 ec·

247 3160 358 3225 quum,
392 3160 492 3226 saepe
523 3150 609 3209 reete
643 3142 788 3227 scriptos
822 3142 1017 3228 relinquitis
1023 3166 1037 3225 ;
1071 3142 1257 3227 aliquando
1284 3163 1308 3206 e
1329 3142 1367 3206 iu
1389 3161 1424 3203 m

245 3248 464 3332 eornmutotr's,
487 3268 678 3335 numquam,
699 3269 764 3334 pro
787 3270 811 3315 u
832 3250 1007 3337 focitiem.
1032 3249 1116 3335 quid
1138 3251 1245 3336 ipitur
1259 3250 1297 3314 iu
1315 3254 1425 3334 poete·

244 3374 322 3419 rum
344 3354 493 3421 debeatis
515 3357 700 3441 obseruare,
731 3357 902 3425 attendite.
939 3358 1027 3422 clari
1048 3358 1086 3422 iu
1108 3357 1233 3422 studiis
1255 3357 1333 3440 uiri,
1366 3356 1426 3440 qui

244 3459 380 3545 aliquid
402 3459 444 3526 de
468 3462 713 3550 orthographia
735 3466 955 3550 scripserunt,
983 3484 1095 3529 omues
1114 3465 1190 3550 fere
1213 3465 1313 3528 uiuet
1335 3464 1425 3527 inter

244 3589 278 3633 m
302 3576 332 3634 et
354 3588 377 3633 c
401 3567 532 3635 litterae
553 3572 700 3637 mediam
723 3592 842 3655 vocene,
866 3592 951 3657 quoe
973 3591 1041 3636 ccc
1064 3571 1244 3636 obhorreat
1267 3571 1308 3635 ab
1333 3578 1424 3636 utro-

244 3696 307 3760 que
330 3675 457 3758 littera,
479 3678 540 3742 sed
563 3687 720 3745 neutram
736 3681 882 3765 proprie
905 3681 1087 3765 ecprimat
1110 3687 1179 3744 tam
1202 3679 1297 3743 cobis
1313 3677 1424 3742 deesse

245 3803 345 3867 quom
368 3780 517 3852 Graecis.
541 3807 621 3852 cam
644 3808 720 3854 cum
742 3788 800 3854 itte·
811 3786 963 3875 uameyoe
986 3788 1147 3866 scribant,
1171 3806 1231 3852 uec
1252 3808 1286 3851 m
1310 3786 1427 3870 ecupri-

352 3979 379 4050 *)
396 3981 424 4051 p.
453 3979 526 4037 371:
558 3980 614 4050 „Es
641 3982 775 4048 entstand
802 3983 860 4053 [bei
887 3981 982 4038 Vokal
999 3980 1036 4053 †
1054 3981 1098 4051 ns]
1126 3982 1227 4053 tunger
1254 3981 1425 4037 uasalierter

246 4068 344 4129 Vocat
361 4085 473 4128 wcraus
491 4069 669 4128 schliesslich
689 4113 696 4129 .
716 4112 723 4128 .
744 4107 751 4127 .
771 4072 852 4128 reine
866 4070 1058 4143 Vocatlttnge“
1077 4101 1111 4112 -
1131 4090 1159 4143 p.
1178 4071 1251 4127 472:
1270 4071 1355 4141 „Wie
1374 4069 1425 4124 der

243 4159 331 4217 Nasal
350 4158 401 4234 der
419 4159 607 4232 Lautgruppe
635 4177 693 4216 -ιιι-
720 4178 752 4217 sc
782 4159 881 4216 erfuhr
907 4161 980 4215 auch
1004 4160 1055 4215 der
1089 4159 1141 4216 der
1159 4159 1346 4232 Lautgruppe
1366 4157 1422 4213 -nf·

243 4249 307 4305 eine
319 4248 486 4306 Redukticn
505 4237 560 4304 mit
572 4248 903 4322 Quantitttssteigerung
922 4249 973 4305 des
985 4249 1242 4321 vorausgehenden
1254 4249 1359 4306 Vocals
1375 4289 1382 4305 .
1395 4287 1402 4303 .
1423 4289 1430 4303 .

242 4338 318 4407 doch
336 4340 407 4411 giug
425 4337 476 4394 der
495 4338 583 4396 Nasal
601 4338 664 4394 hier
681 4338 771 4405 nicht,
789 4339 845 4396 wie
864 4339 939 4409 dett,
958 4338 1118 4396 verloren“.
