3359 5117
741 454 960 517 ..71-

260 647 374 731 (verbi
419 647 536 733 gratia
581 648 762 730 sperabitis
800 649 1025 730 nundinatio),
1070 646 1431 734 probabilitate

159 803 161 807 ,
261 753 675 840 quadamoredere
705 754 878 837 lioet;*)
913 754 1102 840 reliqua
1137 760 1217 821 aut
1252 758 1432 822 erratis

260 862 474 948 quamvis
520 884 631 928 saue
677 862 929 927 veteribus
975 861 1021 927 in
1067 861 1242 928 Plauti
1287 864 1432 931 verba

259 969 523 1057 irrepsisse
547 974 627 1033 aut
649 967 794 1033 nimia
818 967 1057 1033 editorum
1087 966 1290 1035 andaoia
1322 970 1431 1037 illis

259 1076 507 1142 inouloata
541 1097 643 1141 esse
667 1074 884 1141 vidimus.
931 1076 1005 1142 Neo
1040 1097 1111 1142 non
1146 1074 1431 1144 animadverten-

259 1182 341 1249 dum
366 1186 565 1250 estsimilis
600 1189 637 1249 et
660 1185 773 1266 qualia
807 1205 849 1248 ea
883 1181 1061 1250 adieetiva
1096 1205 1183 1263 esse,
1216 1204 1304 1269 quae
1339 1186 1432 1273 apud

257 1291 422 1357 Plautum
446 1291 586 1378 saepius
610 1311 714 1375 quam
738 1290 809 1355 alia
832 1290 870 1354 in
893 1292 951 1356 dia
975 1290 1141 1356 exeuntia
1157 1296 1280 1356 extent
1292 1312 1300 1372 ;
1324 1299 1431 1379 atque

257 1398 295 1463 in
319 1420 479 1464 sermone
503 1418 642 1485 quoque
666 1396 860 1462 cottidiano
886 1418 927 1460 ea
950 1396 1102 1462 maxime
1124 1418 1209 1485 prae
1225 1398 1353 1464 ueteris
1365 1422 1430 1467 usu

257 1504 343 1572 trita
367 1504 477 1572 luisse
500 1511 774 1571 consentaneum
814 1511 877 1571 est.
924 1503 995 1570 Sed
1028 1510 1110 1569 utut
1145 1511 1208 1587 est,
1243 1527 1322 1571 oum
1357 1508 1431 1575 sola

257 1615 382 1680 similis
405 1619 441 1678 et
464 1615 578 1696 qualis
601 1611 779 1678 adieetiva
812 1612 952 1698 saepius
988 1619 1024 1678 et
1058 1619 1199 1699 praeter
1233 1611 1320 1679 haee
1355 1622 1429 1681 tam

256 1743 377 1807 pauca,
401 1742 548 1807 quorum
571 1720 678 1807 stirps
703 1726 739 1785 et
762 1720 840 1805 ipsa
863 1719 902 1785 in
926 1722 939 1784 l
961 1718 1084 1785 littera
1123 1719 1257 1786 exitum
1292 1718 1431 1807 habeat,

258 1850 368 1913 eaque
379 1837 453 1894 tam
464 1850 544 1894 raro
557 1828 623 1894 heo
634 1828 710 1892 sive
726 1827 968 1893 oontreotione
980 1827 1055 1891 sive
1068 1827 1291 1893 mutilatione
1302 1825 1431 1896 affecta

257 1957 334 2002 esse
355 1935 549 2015 videamus,
583 1935 661 2023 ipsa
690 1956 729 2000 re
763 1934 864 2019 quasi
899 1935 1060 2000 iubemur
1095 1932 1183 2001 haee
1215 1935 1430 2023 coniungere

256 2064 336 2109 oum
358 2043 558 2110 nominibus
581 2042 653 2108 illis
676 2042 715 2108 in
739 2046 752 2108 l
775 2042 995 2126 exeuntibus,
1030 2063 1120 2127 quae
1143 2043 1430 2109 terminationem

255 2154 299 2218 ιε
317 2172 458 2238 prorsus
482 2150 687 2218 amiserunt.
727 2149 896 2236 Legimus
921 2149 1016 2237 apud
1041 2150 1196 2245 Ennium
1221 2158 1266 2234 (v.
1291 2149 1358 2214 324
1374 2148 1428 2217 ed.

255 2258 422 2342 Vahlen):
446 2261 547 2325 Debil
570 2260 737 2340 ioueo.**)
783 2258 826 2324 In
856 2279 957 2324 usum
981 2258 1125 2324 transiit
1146 2260 1243 2345 papii
1255 2283 1268 2342 ;
1301 2260 1429 2345 pupilis

256 2366 369 2434 Varro
402 2368 509 2434 etiam
543 2367 706 2434 adhibuit
740 2372 805 2434 sat.
830 2366 923 2434 Men.
948 2366 1001 2433 89.
1048 2367 1158 2432 Porro
1190 2368 1331 2453 vectiqul
1365 2387 1428 2453 pro

255 2479 427 2563 oedipodis
449 2476 619 2564 seriptum
643 2475 827 2543 estOIL.I
843 2475 951 2563 199ffi:
975 2478 1006 2541 ia
1028 2496 1108 2561 aper
1131 2477 1272 2562 vectiqul
1295 2478 1351 2540 uei
1373 2477 1428 2545 sit.

253 2584 331 2649 Huo
356 2583 507 2669 denique
529 2584 687 2673 pertinet
709 2583 816 2649 etiam
840 2585 956 2669 famul
978 2581 1068 2649 illud
1090 2582 1294 2649 Ennianum
1320 2581 1428 2666 (Ann.

252 2712 285 2758 v.
309 2690 377 2757 314
400 2690 453 2758 ed.
478 2690 651 2772 Vahlen):

358 2801 524 2867 Reddidit
547 2821 563 2865 ε
586 2819 714 2865 summo
745 2819 848 2885 repuo
877 2808 915 2866 ut
944 2800 1058 2885 famul
1087 2801 1223 2886 infimus
1258 2798 1427 2879 esset.***)

251 2906 343 2973 Item
366 2906 552 2973 Lueretius
576 2907 631 2972 ΙΙΙ
658 2907 764 2974 10342
792 2907 940 2993 proinde
974 2927 1014 2971 oo
1034 2906 1147 2992 famul
1173 2908 1310 2993 infimus
1333 2915 1427 2973 esset.

253 3014 351 3080 Haeo
396 3026 516 3081 autem
552 3014 695 3080 nomina
734 3015 857 3080 debilia
894 3014 1022 3100 pupilia
1060 3014 1233 3099 oedipodis
1267 3013 1429 3098 famulae

252 3122 375 3189 euclem
397 3123 546 3207 ratione,
583 3143 651 3208 qua
686 3123 772 3187 celer
803 3123 923 3188 denter
956 3141 1059 3206 ρεπεν
1093 3123 1241 3207 urmiper
1274 3121 1428 3207 signifer,

360 3338 387 3405 *)
406 3338 490 3393 Birtii
523 3336 694 3409 benignitati
723 3335 821 3403 debeo,
851 3352 923 3406 quae
950 3334 1084 3389 Martiani
1104 3333 1238 3406 Capellae
1262 3333 1376 3389 codices
1396 3341 1427 3387 et

253 3429 470 3500 Bambargensis
489 3431 518 3482 et
537 3427 779 3482 Reiehenaneneis
798 3426 957 3498 praebent:
979 3424 1027 3491 1V,
1046 3424 1099 3478 398
1118 3426 1156 3495 (p.
1176 3423 1228 3478 125
1247 3423 1291 3479 ed.
1305 3422 1427 3493 Eyssen-

253 3519 347 3589 hardt)
367 3519 447 3574 homo
467 3518 580 3572 risibile
601 3523 650 3587 εει,
669 3515 710 3570 IV
729 3515 783 3570 408
802 3515 840 3586 (p.
862 3514 958 3585 litim)
977 3515 1114 3584 voluptas
1143 3514 1216 3568 utile
1236 3519 1277 3567 eet
1306 3516 1335 3567 et
1362 3530 1427 3567 mox

253 3612 292 3680 (p.
314 3609 365 3663 129
375 3610 409 3679 a2)
427 3625 524 3661 rursus
544 3609 616 3662 utile
636 3613 677 3661 est
696 3625 747 3677 pro
767 3608 850 3661 utilis
870 3611 918 3660 eet.
957 3603 1034 3668 Quas
1057 3603 1164 3660 formas
1184 3603 1273 3674 ipsius
1301 3603 1426 3657 auctoris

254 3716 315 3754 esse
333 3698 487 3755 verisimile
514 3700 662 3768 putamus3
691 3697 801 3751 seilicet
824 3696 945 3751 molesta
974 3695 1121 3749 doetrinae
1149 3692 1332 3747 affectatione
1359 3691 1428 3746 talia

254 3806 287 3843 ex
306 3787 498 3860 grammaticis
518 3786 736 3851 commentariis,
766 3785 870 3855 quibus
897 3784 983 3839 etiam
1004 3784 1114 3839 Nonius
1139 3798 1208 3836 usus
1235 3783 1302 3848 erat,
1331 3779 1428 3833 Marti·

253 3897 323 3935 anus
342 3878 502 3949 assumpsit.

359 3988 400 4057 **)
420 3987 530 4044 Nonius
558 4005 585 4056 p.
613 3986 699 4055 iliam:
730 3984 845 4053 ,debilo‘
876 3983 988 4037 debilis.
1028 3982 1143 4036 Ennius
1171 3978 1221 4034 lib.
1248 3979 1303 4032 IX.
1324 3978 1429 4045 ‚debile

253 4078 364 4144 iomo‘„

358 4184 418 4253 ***)
438 4184 548 4240 Nonius
567 4204 585 4255 p
612 4183 699 4253 110„:
714 4183 814 4248 sumni
828 4181 973 4249 famulae.
1003 4180 1115 4232 Ennius
1136 4180 1184 4233 lib.
1199 4173 1256 4230 IX.
1271 4173 1431 4240 ,mortalem

252 4295 387 4332 summum
411 4274 539 4343 fortium
566 4279 683 4343 repente
712 4271 843 4325 reddidit
871 4288 980 4323 summo
1007 4286 1097 4339 regno
1121 4267 1220 4334 famul
1247 4268 1278 4318 ut
1308 4261 1434 4333 optimus

253 4370 339 4421 eauet‘,
