<?xml version="1.0" encoding="UTF-8"?>
<!DOCTYPE html PUBLIC "-//W3C//DTD XHTML 1.0 Transitional//EN"
    "http://www.w3.org/TR/xhtml1/DTD/xhtml1-transitional.dtd">
<html xmlns="http://www.w3.org/1999/xhtml" xml:lang="en" lang="en">
 <head>
  <title>
</title>
<meta http-equiv="Content-Type" content="text/html;charset=utf-8" />
  <meta name='ocr-system' content='tesseract 3.04.00' />
  <meta name='ocr-capabilities' content='ocr_page ocr_carea ocr_par ocr_line ocrx_word'/>
</head>
<body>
  <div class='ocr_page' id='page_1' title='image "./decopulaeestaph00bringoog_0078.png"; bbox 0 0 3359 5117; ppageno 0'>
   <div class='ocr_carea' id='block_1_1' title="bbox 754 463 962 525">
    <p class='ocr_par' dir='ltr' id='par_1_1' title="bbox 754 463 962 525">
     <span class='ocr_line' id='line_1_1' title="bbox 754 463 962 525; baseline -0.029 -12"><span class='ocrx_word' id='word_1_1' title='bbox 754 463 962 525; x_wconf 78' lang='lat'>..72-</span> 
     </span>
    </p>
   </div>
   <div class='ocr_carea' id='block_1_2' title="bbox 269 678 1443 1107">
    <p class='ocr_par' dir='ltr' id='par_1_2' title="bbox 269 678 1443 1107">
     <span class='ocr_line' id='line_1_2' title="bbox 271 678 1442 787; baseline -0.006 -22"><span class='ocrx_word' id='word_1_2' title='bbox 271 700 342 765; x_wconf 87' lang='lat' dir='ltr'><strong>alia</strong></span> <span class='ocrx_word' id='word_1_3' title='bbox 364 698 525 787; x_wconf 86' lang='lat' dir='ltr'><strong>plurima,</strong></span> <span class='ocrx_word' id='word_1_4' title='bbox 559 696 845 764; x_wconf 75' lang='lat' dir='ltr'><strong>terminationem</strong></span> <span class='ocrx_word' id='word_1_5' title='bbox 880 681 923 763; x_wconf 66' lang='lat' dir='ltr'><strong>is</strong></span> <span class='ocrx_word' id='word_1_6' title='bbox 946 696 1005 764; x_wconf 89' lang='lat' dir='ltr'><strong>vel</strong></span> <span class='ocrx_word' id='word_1_7' title='bbox 1028 678 1078 763; x_wconf 60' lang='lat' dir='ltr'><strong>us</strong></span> <span class='ocrx_word' id='word_1_8' title='bbox 1100 695 1242 761; x_wconf 75' lang='lat' dir='ltr'><strong>litterae</strong></span> <span class='ocrx_word' id='word_1_9' title='bbox 1277 691 1442 780; x_wconf 78' lang='lat' dir='ltr'><strong>liquidae,</strong></span> 
     </span>
     <span class='ocr_line' id='line_1_3' title="bbox 271 800 1441 892; baseline -0.004 -20"><span class='ocrx_word' id='word_1_10' title='bbox 271 828 375 892; x_wconf 90' lang='lat' dir='ltr'><strong>quam</strong></span> <span class='ocrx_word' id='word_1_11' title='bbox 398 804 529 891; x_wconf 84' lang='lat' dir='ltr'><strong>dieunt,</strong></span> <span class='ocrx_word' id='word_1_12' title='bbox 552 806 590 871; x_wconf 90' lang='lat' dir='ltr'><strong>vi</strong></span> <span class='ocrx_word' id='word_1_13' title='bbox 611 805 825 871; x_wconf 86' lang='lat' dir='ltr'><strong>infirmatam</strong></span> <span class='ocrx_word' id='word_1_14' title='bbox 849 803 1064 871; x_wconf 79' lang='lat' dir='ltr'><strong>abiecerunt.</strong></span> <span class='ocrx_word' id='word_1_15' title='bbox 1111 803 1228 888; x_wconf 81' lang='lat' dir='ltr'><strong>Atque</strong></span> <span class='ocrx_word' id='word_1_16' title='bbox 1245 802 1275 866; x_wconf 90' lang='lat' dir='ltr'><strong>si</strong></span> <span class='ocrx_word' id='word_1_17' title='bbox 1299 800 1441 867; x_wconf 88' lang='lat' dir='ltr'><strong>omnino</strong></span> 
     </span>
     <span class='ocr_line' id='line_1_4' title="bbox 270 907 1443 999; baseline -0.003 -20"><span class='ocrx_word' id='word_1_18' title='bbox 270 913 389 999; x_wconf 86' lang='lat' dir='ltr'><strong>aliqua</strong></span> <span class='ocrx_word' id='word_1_19' title='bbox 421 913 534 981; x_wconf 85' lang='lat' dir='ltr'><strong>forma</strong></span> <span class='ocrx_word' id='word_1_20' title='bbox 572 935 697 979; x_wconf 89' lang='lat' dir='ltr'><strong>revera</strong></span> <span class='ocrx_word' id='word_1_21' title='bbox 732 933 896 999; x_wconf 89' lang='lat' dir='ltr'><strong>nmquam</strong></span> <span class='ocrx_word' id='word_1_22' title='bbox 932 910 1125 993; x_wconf 86' lang='lat' dir='ltr'><strong>enuntiata,</strong></span> <span class='ocrx_word' id='word_1_23' title='bbox 1165 931 1253 995; x_wconf 88' lang='lat' dir='ltr'><strong>quae</strong></span> <span class='ocrx_word' id='word_1_24' title='bbox 1289 907 1443 975; x_wconf 91' lang='lat' dir='ltr'><strong>medium</strong></span> 
     </span>
     <span class='ocr_line' id='line_1_5' title="bbox 269 1017 1443 1107; baseline -0.002 -22"><span class='ocrx_word' id='word_1_25' title='bbox 269 1027 391 1086; x_wconf 88' lang='lat' dir='ltr'><strong>teneat</strong></span> <span class='ocrx_word' id='word_1_26' title='bbox 413 1020 507 1087; x_wconf 89' lang='lat' dir='ltr'><strong>inter</strong></span> <span class='ocrx_word' id='word_1_27' title='bbox 530 1022 659 1107; x_wconf 75' lang='lat' dir='ltr'><strong>pupilis</strong></span> <span class='ocrx_word' id='word_1_28' title='bbox 683 1027 719 1085; x_wconf 88' lang='lat' dir='ltr'><strong>et</strong></span> <span class='ocrx_word' id='word_1_29' title='bbox 742 1022 849 1105; x_wconf 77' lang='lat' dir='ltr'><strong>pupil,</strong></span> <span class='ocrx_word' id='word_1_30' title='bbox 878 1021 1033 1105; x_wconf 73' lang='lat' dir='ltr'><strong>tumulus</strong></span> <span class='ocrx_word' id='word_1_31' title='bbox 1068 1027 1105 1083; x_wconf 92' lang='lat' dir='ltr'><strong>et</strong></span> <span class='ocrx_word' id='word_1_32' title='bbox 1134 1019 1257 1103; x_wconf 73' lang='lat' dir='ltr'><strong>famul,</strong></span> <span class='ocrx_word' id='word_1_33' title='bbox 1280 1017 1443 1105; x_wconf 87' lang='lat' dir='ltr'><strong>ponenda</strong></span> 
     </span>
    </p>
   </div>
   <div class='ocr_carea' id='block_1_3' title="bbox 264 1125 1442 2133">
    <p class='ocr_par' dir='ltr' id='par_1_3' title="bbox 1047 1125 1061 1161">
     <span class='ocr_line' id='line_1_6' title="bbox 1047 1125 1061 1161; baseline 0 0"><span class='ocrx_word' id='word_1_34' title='bbox 1047 1125 1061 1161; x_wconf 75' lang='grc' dir='ltr'><em>θ</em></span> 
     </span>
    </p>

    <p class='ocr_par' dir='ltr' id='par_1_4' title="bbox 264 1179 1442 2133">
     <span class='ocr_line' id='line_1_7' title="bbox 269 1179 1442 1269; baseline 0.001 -24"><span class='ocrx_word' id='word_1_35' title='bbox 269 1188 332 1265; x_wconf 90' lang='lat' dir='ltr'><strong>est,</strong></span> <span class='ocrx_word' id='word_1_36' title='bbox 355 1183 468 1266; x_wconf 71' lang='lat' dir='ltr'><strong>pupils</strong></span> <span class='ocrx_word' id='word_1_37' title='bbox 487 1183 618 1268; x_wconf 77' lang='lat' dir='ltr'><strong>famulo</strong></span> <span class='ocrx_word' id='word_1_38' title='bbox 633 1179 843 1266; x_wconf 84' lang='lat' dir='ltr'><strong>similiaque,</strong></span> <span class='ocrx_word' id='word_1_39' title='bbox 866 1202 936 1246; x_wconf 89' lang='lat' dir='ltr'><strong>non</strong></span> <span class='ocrx_word' id='word_1_40' title='bbox 952 1181 1062 1266; x_wconf 72' lang='lat' dir='ltr'><strong>pupuli</strong></span> <span class='ocrx_word' id='word_1_41' title='bbox 1081 1181 1214 1265; x_wconf 76' lang='lat' dir='ltr'><strong>famulo</strong></span> <span class='ocrx_word' id='word_1_42' title='bbox 1230 1189 1442 1269; x_wconf 89' lang='lat' dir='ltr'><strong>suutpostu·</strong></span> 
     </span>
     <span class='ocr_line' id='line_1_8' title="bbox 267 1275 1442 1376; baseline 0.003 -23"><span class='ocrx_word' id='word_1_43' title='bbox 267 1287 383 1371; x_wconf 85' lang='lat' dir='ltr'><strong>landa,</strong></span> <span class='ocrx_word' id='word_1_44' title='bbox 407 1275 541 1376; x_wconf 86' lang='lat' dir='ltr'><strong>pariter</strong></span> <span class='ocrx_word' id='word_1_45' title='bbox 565 1298 671 1374; x_wconf 91' lang='lat' dir='ltr'><strong>atque</strong></span> <span class='ocrx_word' id='word_1_46' title='bbox 696 1310 815 1355; x_wconf 91' lang='lat' dir='ltr'><strong>omnes</strong></span> <span class='ocrx_word' id='word_1_47' title='bbox 838 1288 909 1353; x_wconf 88' lang='lat' dir='ltr'><strong>viri</strong></span> <span class='ocrx_word' id='word_1_48' title='bbox 940 1275 1036 1353; x_wconf 88' lang='lat' dir='ltr'><strong>dooti</strong></span> <span class='ocrx_word' id='word_1_49' title='bbox 1069 1289 1187 1354; x_wconf 78' lang='lat' dir='ltr'><strong>celeris</strong></span> <span class='ocrx_word' id='word_1_50' title='bbox 1217 1300 1253 1354; x_wconf 89' lang='lat' dir='ltr'><strong>et</strong></span> <span class='ocrx_word' id='word_1_51' title='bbox 1288 1291 1442 1356; x_wconf 75' lang='lat' dir='ltr'><strong>deuteros</strong></span> 
     </span>
     <span class='ocr_line' id='line_1_9' title="bbox 267 1379 1442 1483; baseline 0.003 -23"><span class='ocrx_word' id='word_1_52' title='bbox 267 1395 383 1460; x_wconf 88' lang='lat' dir='ltr'><strong>vocali</strong></span> <span class='ocrx_word' id='word_1_53' title='bbox 405 1399 420 1461; x_wconf 81' lang='lat' dir='ltr'><strong>i</strong></span> <span class='ocrx_word' id='word_1_54' title='bbox 443 1379 499 1461; x_wconf 76' lang='lat' dir='ltr'><strong>uel</strong></span> <span class='ocrx_word' id='word_1_55' title='bbox 522 1420 541 1463; x_wconf 91' lang='lat' dir='ltr'><strong>o</strong></span> <span class='ocrx_word' id='word_1_56' title='bbox 565 1396 651 1461; x_wconf 89' lang='lat' dir='ltr'><strong>elisa</strong></span> <span class='ocrx_word' id='word_1_57' title='bbox 674 1396 712 1461; x_wconf 89' lang='lat' dir='ltr'><strong>in</strong></span> <span class='ocrx_word' id='word_1_58' title='bbox 737 1398 839 1462; x_wconf 80' lang='lat' dir='ltr'><strong>celere</strong></span> <span class='ocrx_word' id='word_1_59' title='bbox 864 1405 899 1459; x_wconf 89' lang='lat' dir='ltr'><strong>et</strong></span> <span class='ocrx_word' id='word_1_60' title='bbox 923 1398 1059 1463; x_wconf 76' lang='lat' dir='ltr'><strong>deutera</strong></span> <span class='ocrx_word' id='word_1_61' title='bbox 1096 1407 1132 1461; x_wconf 90' lang='lat' dir='ltr'><strong>et</strong></span> <span class='ocrx_word' id='word_1_62' title='bbox 1155 1418 1259 1483; x_wconf 85' lang='lat' dir='ltr'><strong>porro</strong></span> <span class='ocrx_word' id='word_1_63' title='bbox 1295 1397 1332 1462; x_wconf 92' lang='lat' dir='ltr'><strong>in</strong></span> <span class='ocrx_word' id='word_1_64' title='bbox 1356 1400 1442 1463; x_wconf 81' lang='lat' dir='ltr'><strong>celer</strong></span> 
     </span>
     <span class='ocr_line' id='line_1_10' title="bbox 267 1502 1442 1590; baseline 0.001 -20"><span class='ocrx_word' id='word_1_65' title='bbox 267 1505 387 1570; x_wconf 69' lang='lat' dir='ltr'><strong>deuter</strong></span> <span class='ocrx_word' id='word_1_66' title='bbox 410 1504 594 1568; x_wconf 85' lang='lat' dir='ltr'><strong>transiisse</strong></span> <span class='ocrx_word' id='word_1_67' title='bbox 618 1502 805 1569; x_wconf 87' lang='lat' dir='ltr'><strong>affirmant.</strong></span> <span class='ocrx_word' id='word_1_68' title='bbox 853 1503 952 1570; x_wconf 87' lang='lat' dir='ltr'><strong>Idem</strong></span> <span class='ocrx_word' id='word_1_69' title='bbox 987 1517 1115 1588; x_wconf 89' lang='lat' dir='ltr'><strong>autem,</strong></span> <span class='ocrx_word' id='word_1_70' title='bbox 1151 1504 1244 1590; x_wconf 90' lang='lat' dir='ltr'><strong>quod</strong></span> <span class='ocrx_word' id='word_1_71' title='bbox 1280 1505 1322 1570; x_wconf 94' lang='lat' dir='ltr'><strong>de</strong></span> <span class='ocrx_word' id='word_1_72' title='bbox 1345 1508 1442 1590; x_wconf 78' lang='lat' dir='ltr'><strong>pupil</strong></span> 
     </span>
     <span class='ocr_line' id='line_1_11' title="bbox 266 1612 1441 1699; baseline 0.004 -23"><span class='ocrx_word' id='word_1_73' title='bbox 266 1613 356 1676; x_wconf 83' lang='lat' dir='ltr'><strong>debil</strong></span> <span class='ocrx_word' id='word_1_74' title='bbox 379 1612 517 1697; x_wconf 78' lang='lat' dir='ltr'><strong>uictipul</strong></span> <span class='ocrx_word' id='word_1_75' title='bbox 537 1614 650 1699; x_wconf 79' lang='lat' dir='ltr'><strong>famul</strong></span> <span class='ocrx_word' id='word_1_76' title='bbox 674 1612 835 1694; x_wconf 78' lang='lat' dir='ltr'><strong>diximus,</strong></span> <span class='ocrx_word' id='word_1_77' title='bbox 866 1612 904 1677; x_wconf 89' lang='lat' dir='ltr'><strong>in</strong></span> <span class='ocrx_word' id='word_1_78' title='bbox 926 1615 1068 1679; x_wconf 75' lang='lat' dir='ltr'><strong>similest</strong></span> <span class='ocrx_word' id='word_1_79' title='bbox 1092 1634 1228 1698; x_wconf 85' lang='lat' dir='ltr'><strong>quoque</strong></span> <span class='ocrx_word' id='word_1_80' title='bbox 1253 1620 1289 1678; x_wconf 90' lang='lat' dir='ltr'><strong>et</strong></span> <span class='ocrx_word' id='word_1_81' title='bbox 1312 1614 1441 1697; x_wconf 75' lang='lat' dir='ltr'><strong>qualest</strong></span> 
     </span>
     <span class='ocr_line' id='line_1_12' title="bbox 268 1717 1442 1807; baseline 0.003 -25"><span class='ocrx_word' id='word_1_82' title='bbox 268 1717 373 1801; x_wconf 86' lang='lat' dir='ltr'><strong>cadit,</strong></span> <span class='ocrx_word' id='word_1_83' title='bbox 404 1718 456 1784; x_wconf 84' lang='lat' dir='ltr'><strong>ita</strong></span> <span class='ocrx_word' id='word_1_84' title='bbox 480 1724 520 1784; x_wconf 88' lang='lat' dir='ltr'><strong>ut</strong></span> <span class='ocrx_word' id='word_1_85' title='bbox 542 1719 633 1784; x_wconf 91' lang='lat' dir='ltr'><strong>nihil</strong></span> <span class='ocrx_word' id='word_1_86' title='bbox 657 1718 754 1785; x_wconf 85' lang='lat' dir='ltr'><strong>aliud</strong></span> <span class='ocrx_word' id='word_1_87' title='bbox 777 1719 864 1786; x_wconf 85' lang='lat' dir='ltr'><strong>haee</strong></span> <span class='ocrx_word' id='word_1_88' title='bbox 899 1741 975 1786; x_wconf 89' lang='lat' dir='ltr'><strong>esse</strong></span> <span class='ocrx_word' id='word_1_89' title='bbox 1011 1720 1233 1807; x_wconf 84' lang='lat' dir='ltr'><strong>perspicuum</strong></span> <span class='ocrx_word' id='word_1_90' title='bbox 1268 1719 1338 1804; x_wconf 89' lang='lat' dir='ltr'><strong>fiat,</strong></span> <span class='ocrx_word' id='word_1_91' title='bbox 1371 1720 1442 1786; x_wconf 91' lang='lat' dir='ltr'><strong>nisi</strong></span> 
     </span>
     <span class='ocr_line' id='line_1_13' title="bbox 265 1828 1438 1916; baseline 0.002 -26"><span class='ocrx_word' id='word_1_92' title='bbox 265 1828 359 1907; x_wconf 76' lang='lat' dir='ltr'><strong>simil</strong></span> <span class='ocrx_word' id='word_1_93' title='bbox 394 1837 441 1894; x_wconf 79' lang='lat' dir='ltr'><strong>est</strong></span> <span class='ocrx_word' id='word_1_94' title='bbox 477 1835 513 1892; x_wconf 95' lang='lat' dir='ltr'><strong>et</strong></span> <span class='ocrx_word' id='word_1_95' title='bbox 548 1830 630 1911; x_wconf 84' lang='lat' dir='ltr'><strong>qual</strong></span> <span class='ocrx_word' id='word_1_96' title='bbox 660 1838 716 1895; x_wconf 79' lang='lat' dir='ltr'><strong>est.</strong></span> <span class='ocrx_word' id='word_1_97' title='bbox 764 1829 914 1896; x_wconf 79' lang='lat' dir='ltr'><strong>Similest</strong></span> <span class='ocrx_word' id='word_1_98' title='bbox 949 1829 1020 1894; x_wconf 91' lang='lat' dir='ltr'><strong>iam</strong></span> <span class='ocrx_word' id='word_1_99' title='bbox 1055 1828 1273 1895; x_wconf 85' lang='lat' dir='ltr'><strong>Ritsohelius</strong></span> <span class='ocrx_word' id='word_1_100' title='bbox 1309 1834 1438 1916; x_wconf 81' lang='lat' dir='ltr'><strong>(opusc.</strong></span> 
     </span>
     <span class='ocr_line' id='line_1_14' title="bbox 265 1934 1439 2024; baseline 0.003 -26"><span class='ocrx_word' id='word_1_101' title='bbox 265 1934 302 1998; x_wconf 90' lang='grc' dir='ltr'><strong>ΙΙ</strong></span> <span class='ocrx_word' id='word_1_102' title='bbox 325 1956 358 2021; x_wconf 93' lang='lat' dir='ltr'><strong>p.</strong></span> <span class='ocrx_word' id='word_1_103' title='bbox 383 1934 447 2000; x_wconf 83' lang='lat'><strong>331</strong></span> <span class='ocrx_word' id='word_1_104' title='bbox 474 1943 510 2001; x_wconf 91' lang='lat' dir='ltr'><strong>et</strong></span> <span class='ocrx_word' id='word_1_105' title='bbox 532 1958 566 2023; x_wconf 88' lang='lat' dir='ltr'><strong>p.</strong></span> <span class='ocrx_word' id='word_1_106' title='bbox 591 1935 657 2001; x_wconf 85' lang='grc'><strong>616</strong></span> <span class='ocrx_word' id='word_1_107' title='bbox 688 1935 782 2016; x_wconf 84' lang='lat' dir='ltr'><strong>adn.)</strong></span> <span class='ocrx_word' id='word_1_108' title='bbox 817 1936 870 2002; x_wconf 90' lang='lat' dir='ltr'><strong>ita</strong></span> <span class='ocrx_word' id='word_1_109' title='bbox 894 1945 949 2002; x_wconf 89' lang='lat' dir='ltr'><strong>est</strong></span> <span class='ocrx_word' id='word_1_110' title='bbox 981 1936 1245 2024; x_wconf 87' lang='lat' dir='ltr'><strong>interpretatus,</strong></span> <span class='ocrx_word' id='word_1_111' title='bbox 1280 1937 1439 2022; x_wconf 75' lang='lat' dir='ltr'><strong>quamvis</strong></span> 
     </span>
     <span class='ocr_line' id='line_1_15' title="bbox 264 2041 1268 2133; baseline 0.004 -27"><span class='ocrx_word' id='word_1_112' title='bbox 264 2041 359 2109; x_wconf 89' lang='lat' dir='ltr'><strong>idem</strong></span> <span class='ocrx_word' id='word_1_113' title='bbox 383 2045 513 2126; x_wconf 80' lang='lat' dir='ltr'><strong>qualest</strong></span> <span class='ocrx_word' id='word_1_114' title='bbox 536 2065 579 2109; x_wconf 86' lang='lat' dir='ltr'><strong>ex</strong></span> <span class='ocrx_word' id='word_1_115' title='bbox 603 2047 728 2128; x_wconf 81' lang='lat' dir='ltr'><strong>qualist</strong></span> <span class='ocrx_word' id='word_1_116' title='bbox 751 2055 954 2133; x_wconf 80' lang='lat' dir='ltr'><strong>corruptum</strong></span> <span class='ocrx_word' id='word_1_117' title='bbox 979 2067 1055 2111; x_wconf 75' lang='lat' dir='ltr'><strong>esse</strong></span> <span class='ocrx_word' id='word_1_118' title='bbox 1077 2045 1268 2132; x_wconf 88' lang='lat' dir='ltr'><strong>putaverit.</strong></span> 
     </span>
    </p>
   </div>
   <div class='ocr_carea' id='block_1_4' title="bbox 253 2169 1533 4420">
    <p class='ocr_par' dir='ltr' id='par_1_5' title="bbox 253 2169 1533 4420">
     <span class='ocr_line' id='line_1_16' title="bbox 371 2169 1438 2257; baseline 0.001 -21"><span class='ocrx_word' id='word_1_119' title='bbox 371 2170 592 2256; x_wconf 80' lang='lat' dir='ltr'><strong>Argumenta</strong></span> <span class='ocrx_word' id='word_1_120' title='bbox 615 2171 736 2257; x_wconf 84' lang='lat' dir='ltr'><strong>igitur,</strong></span> <span class='ocrx_word' id='word_1_121' title='bbox 771 2170 898 2256; x_wconf 90' lang='lat' dir='ltr'><strong>quibus</strong></span> <span class='ocrx_word' id='word_1_122' title='bbox 922 2169 995 2236; x_wconf 91' lang='lat' dir='ltr'><strong>Leo</strong></span> <span class='ocrx_word' id='word_1_123' title='bbox 1031 2171 1068 2237; x_wconf 87' lang='lat' dir='ltr'><strong>in</strong></span> <span class='ocrx_word' id='word_1_124' title='bbox 1091 2169 1204 2236; x_wconf 87' lang='lat' dir='ltr'><strong>forma</strong></span> <span class='ocrx_word' id='word_1_125' title='bbox 1228 2193 1285 2237; x_wconf 80' lang='lat' dir='ltr'><strong>·us</strong></span> <span class='ocrx_word' id='word_1_126' title='bbox 1309 2180 1356 2237; x_wconf 82' lang='lat' dir='ltr'><strong>est</strong></span> <span class='ocrx_word' id='word_1_127' title='bbox 1379 2171 1438 2237; x_wconf 88' lang='lat' dir='ltr'><strong>lit·</strong></span> 
     </span>
     <span class='ocr_line' id='line_1_17' title="bbox 264 2277 1438 2360; baseline 0.001 -17"><span class='ocrx_word' id='word_1_128' title='bbox 264 2283 378 2343; x_wconf 89' lang='lat' dir='ltr'><strong>teram</strong></span> <span class='ocrx_word' id='word_1_129' title='bbox 401 2301 418 2343; x_wconf 84' lang='lat' dir='ltr'><strong>s</strong></span> <span class='ocrx_word' id='word_1_130' title='bbox 445 2277 567 2344; x_wconf 87' lang='lat' dir='ltr'><strong>elisam</strong></span> <span class='ocrx_word' id='word_1_131' title='bbox 591 2301 667 2344; x_wconf 91' lang='lat' dir='ltr'><strong>esse</strong></span> <span class='ocrx_word' id='word_1_132' title='bbox 692 2278 932 2344; x_wconf 86' lang='lat' dir='ltr'><strong>demonstrare</strong></span> <span class='ocrx_word' id='word_1_133' title='bbox 956 2285 1010 2344; x_wconf 79' lang='lat' dir='ltr'><strong>est</strong></span> <span class='ocrx_word' id='word_1_134' title='bbox 1033 2288 1190 2360; x_wconf 79' lang='lat' dir='ltr'><strong>conatus,</strong></span> <span class='ocrx_word' id='word_1_135' title='bbox 1213 2300 1284 2344; x_wconf 93' lang='lat' dir='ltr'><strong>non</strong></span> <span class='ocrx_word' id='word_1_136' title='bbox 1307 2280 1438 2345; x_wconf 89' lang='lat' dir='ltr'><strong>valent.</strong></span> 
     </span>
     <span class='ocr_line' id='line_1_18' title="bbox 264 2384 1440 2474; baseline 0.002 -25"><span class='ocrx_word' id='word_1_137' title='bbox 264 2384 383 2470; x_wconf 83' lang='lat' dir='ltr'><strong>Atque</strong></span> <span class='ocrx_word' id='word_1_138' title='bbox 408 2387 590 2452; x_wconf 89' lang='lat' dir='ltr'><strong>eominus</strong></span> <span class='ocrx_word' id='word_1_139' title='bbox 615 2389 690 2452; x_wconf 87' lang='lat' dir='ltr'><strong>eius</strong></span> <span class='ocrx_word' id='word_1_140' title='bbox 725 2386 939 2452; x_wconf 81' lang='lat' dir='ltr'><strong>seutentiam</strong></span> <span class='ocrx_word' id='word_1_141' title='bbox 973 2386 1122 2474; x_wconf 89' lang='lat' dir='ltr'><strong>probare</strong></span> <span class='ocrx_word' id='word_1_142' title='bbox 1157 2408 1309 2474; x_wconf 85' lang='lat' dir='ltr'><strong>possum,</strong></span> <span class='ocrx_word' id='word_1_143' title='bbox 1346 2386 1440 2472; x_wconf 89' lang='lat' dir='ltr'><strong>quod</strong></span> 
     </span>
     <span class='ocr_line' id='line_1_19' title="bbox 264 2492 1439 2581; baseline 0.003 -25"><span class='ocrx_word' id='word_1_144' title='bbox 264 2492 344 2557; x_wconf 88' lang='lat' dir='ltr'><strong>aliis</strong></span> <span class='ocrx_word' id='word_1_145' title='bbox 369 2514 507 2580; x_wconf 91' lang='lat' dir='ltr'><strong>quoque</strong></span> <span class='ocrx_word' id='word_1_146' title='bbox 531 2494 728 2581; x_wconf 86' lang='lat' dir='ltr'><strong>generibus,</strong></span> <span class='ocrx_word' id='word_1_147' title='bbox 753 2495 790 2559; x_wconf 94' lang='lat' dir='ltr'><strong>in</strong></span> <span class='ocrx_word' id='word_1_148' title='bbox 815 2495 941 2580; x_wconf 88' lang='lat' dir='ltr'><strong>quibus</strong></span> <span class='ocrx_word' id='word_1_149' title='bbox 965 2518 993 2560; x_wconf 54' lang='grc' dir='ltr'><strong>ης</strong></span> <span class='ocrx_word' id='word_1_150' title='bbox 1017 2493 1158 2559; x_wconf 89' lang='lat' dir='ltr'><strong>finalem</strong></span> <span class='ocrx_word' id='word_1_151' title='bbox 1181 2500 1264 2560; x_wconf 90' lang='lat' dir='ltr'><strong>ante</strong></span> <span class='ocrx_word' id='word_1_152' title='bbox 1281 2495 1439 2561; x_wconf 73' lang='lat' dir='ltr'><strong>vocalem</strong></span> 
     </span>
     <span class='ocr_line' id='line_1_20' title="bbox 262 2598 1437 2688; baseline 0.003 -24"><span class='ocrx_word' id='word_1_153' title='bbox 262 2598 436 2667; x_wconf 81' lang='lat' dir='ltr'><strong>abiectam</strong></span> <span class='ocrx_word' id='word_1_154' title='bbox 476 2623 552 2668; x_wconf 88' lang='lat' dir='ltr'><strong>esse</strong></span> <span class='ocrx_word' id='word_1_155' title='bbox 589 2602 660 2667; x_wconf 86' lang='lat' dir='ltr'><strong>Leo</strong></span> <span class='ocrx_word' id='word_1_156' title='bbox 697 2602 890 2684; x_wconf 81' lang='lat' dir='ltr'><strong>contendit,</strong></span> <span class='ocrx_word' id='word_1_157' title='bbox 930 2601 1161 2688; x_wconf 82' lang='lat' dir='ltr'><strong>gravissimae</strong></span> <span class='ocrx_word' id='word_1_158' title='bbox 1197 2601 1437 2669; x_wconf 89' lang='lat' dir='ltr'><strong>dubitationes</strong></span> 
     </span>
     <span class='ocr_line' id='line_1_21' title="bbox 262 2707 1437 2795; baseline 0.003 -23"><span class='ocrx_word' id='word_1_159' title='bbox 262 2707 423 2774; x_wconf 80' lang='lat' dir='ltr'><strong>obiectae</strong></span> <span class='ocrx_word' id='word_1_160' title='bbox 449 2717 540 2776; x_wconf 91' lang='lat' dir='ltr'><strong>sunt.</strong></span> <span class='ocrx_word' id='word_1_161' title='bbox 587 2711 678 2776; x_wconf 81' lang='lat' dir='ltr'><strong>Nam</strong></span> <span class='ocrx_word' id='word_1_162' title='bbox 701 2710 989 2776; x_wconf 89' lang='lat' dir='ltr'><strong>terminationem</strong></span> <span class='ocrx_word' id='word_1_163' title='bbox 1012 2731 1074 2793; x_wconf 85' lang='lat' dir='ltr'><strong>-re,</strong></span> <span class='ocrx_word' id='word_1_164' title='bbox 1110 2732 1201 2795; x_wconf 88' lang='lat' dir='ltr'><strong>quae</strong></span> <span class='ocrx_word' id='word_1_165' title='bbox 1236 2709 1335 2775; x_wconf 90' lang='lat' dir='ltr'><strong>verbi</strong></span> <span class='ocrx_word' id='word_1_166' title='bbox 1358 2732 1437 2795; x_wconf 87' lang='lat' dir='ltr'><strong>gra·</strong></span> 
     </span>
     <span class='ocr_line' id='line_1_22' title="bbox 261 2814 1436 2905; baseline 0.003 -26"><span class='ocrx_word' id='word_1_167' title='bbox 261 2814 312 2880; x_wconf 92' lang='lat' dir='ltr'><strong>tia</strong></span> <span class='ocrx_word' id='word_1_168' title='bbox 335 2815 373 2881; x_wconf 92' lang='lat' dir='ltr'><strong>in</strong></span> <span class='ocrx_word' id='word_1_169' title='bbox 398 2819 535 2904; x_wconf 85' lang='lat' dir='ltr'><strong>loquare</strong></span> <span class='ocrx_word' id='word_1_170' title='bbox 558 2825 698 2905; x_wconf 88' lang='lat' dir='ltr'><strong>praeter</strong></span> <span class='ocrx_word' id='word_1_171' title='bbox 723 2820 874 2904; x_wconf 80' lang='lat' dir='ltr'><strong>loquaris</strong></span> <span class='ocrx_word' id='word_1_172' title='bbox 898 2825 1004 2903; x_wconf 85' lang='lat' dir='ltr'><strong>extat,</strong></span> <span class='ocrx_word' id='word_1_173' title='bbox 1029 2818 1132 2883; x_wconf 87' lang='lat' dir='ltr'><strong>multi</strong></span> <span class='ocrx_word' id='word_1_174' title='bbox 1154 2818 1224 2883; x_wconf 82' lang='lat' dir='ltr'><strong>viri</strong></span> <span class='ocrx_word' id='word_1_175' title='bbox 1248 2817 1342 2885; x_wconf 84' lang='lat' dir='ltr'><strong>douti</strong></span> <span class='ocrx_word' id='word_1_176' title='bbox 1364 2840 1436 2884; x_wconf 93' lang='lat' dir='ltr'><strong>non</strong></span> 
     </span>
     <span class='ocr_line' id='line_1_23' title="bbox 261 2925 1435 3007; baseline 0.001 -18"><span class='ocrx_word' id='word_1_177' title='bbox 261 2945 303 2989; x_wconf 84' lang='lat' dir='ltr'><strong>ox</strong></span> <span class='ocrx_word' id='word_1_178' title='bbox 327 2927 389 2991; x_wconf 84' lang='lat' dir='ltr'><strong>-ris</strong></span> <span class='ocrx_word' id='word_1_179' title='bbox 412 2933 543 3007; x_wconf 86' lang='lat' dir='ltr'><strong>natam,</strong></span> <span class='ocrx_word' id='word_1_180' title='bbox 567 2925 626 2992; x_wconf 88' lang='lat' dir='ltr'><strong>sed</strong></span> <span class='ocrx_word' id='word_1_181' title='bbox 653 2927 794 2993; x_wconf 92' lang='lat' dir='ltr'><strong>omnino</strong></span> <span class='ocrx_word' id='word_1_182' title='bbox 819 2927 925 2993; x_wconf 87' lang='lat' dir='ltr'><strong>aliam</strong></span> <span class='ocrx_word' id='word_1_183' title='bbox 949 2926 1099 2992; x_wconf 85' lang='lat' dir='ltr'><strong>formam</strong></span> <span class='ocrx_word' id='word_1_184' title='bbox 1123 2948 1198 2992; x_wconf 89' lang='lat' dir='ltr'><strong>esse</strong></span> <span class='ocrx_word' id='word_1_185' title='bbox 1223 2925 1435 2992; x_wconf 80' lang='lat' dir='ltr'><strong>contendere</strong></span> 
     </span>
     <span class='ocr_line' id='line_1_24' title="bbox 260 3033 1433 3121; baseline 0.001 -25"><span class='ocrx_word' id='word_1_186' title='bbox 260 3054 331 3098; x_wconf 92' lang='lat' dir='ltr'><strong>non</strong></span> <span class='ocrx_word' id='word_1_187' title='bbox 354 3040 494 3100; x_wconf 80' lang='lat' dir='ltr'><strong>cessant</strong></span> <span class='ocrx_word' id='word_1_188' title='bbox 518 3037 560 3117; x_wconf 92' lang='lat' dir='ltr'><strong>(e.</strong></span> <span class='ocrx_word' id='word_1_189' title='bbox 586 3057 638 3121; x_wconf 87' lang='lat' dir='ltr'><strong>gr.</strong></span> <span class='ocrx_word' id='word_1_190' title='bbox 662 3034 765 3102; x_wconf 83' lang='lat' dir='ltr'><strong>Ferd.</strong></span> <span class='ocrx_word' id='word_1_191' title='bbox 780 3036 947 3119; x_wconf 85' lang='lat' dir='ltr'><strong>Sommer,</strong></span> <span class='ocrx_word' id='word_1_192' title='bbox 971 3034 1047 3100; x_wconf 88' lang='lat' dir='ltr'><strong>Lat.</strong></span> <span class='ocrx_word' id='word_1_193' title='bbox 1064 3035 1217 3102; x_wconf 83' lang='lat' dir='ltr'><strong>Gramm.</strong></span> <span class='ocrx_word' id='word_1_194' title='bbox 1235 3057 1315 3121; x_wconf 87' lang='lat' dir='ltr'><strong>pag.</strong></span> <span class='ocrx_word' id='word_1_195' title='bbox 1333 3033 1433 3113; x_wconf 55' lang='lat'><strong>5352).</strong></span> 
     </span>
     <span class='ocr_line' id='line_1_25' title="bbox 259 3140 1434 3241; baseline 0.003 -37"><span class='ocrx_word' id='word_1_196' title='bbox 259 3140 367 3207; x_wconf 91' lang='lat' dir='ltr'><strong>Porro</strong></span> <span class='ocrx_word' id='word_1_197' title='bbox 393 3140 485 3227; x_wconf 92' lang='lat' dir='ltr'><strong>quod</strong></span> <span class='ocrx_word' id='word_1_198' title='bbox 498 3141 543 3207; x_wconf 89' lang='lat' dir='ltr'><strong>ad</strong></span> <span class='ocrx_word' id='word_1_199' title='bbox 565 3165 660 3229; x_wconf 78' lang='lat' dir='ltr'><strong>mapa</strong></span> <span class='ocrx_word' id='word_1_200' title='bbox 682 3151 758 3226; x_wconf 82' lang='lat' dir='ltr'><strong>pote</strong></span> <span class='ocrx_word' id='word_1_201' title='bbox 781 3153 835 3210; x_wconf 77' lang='lat' dir='ltr'><strong>sat</strong></span> <span class='ocrx_word' id='word_1_202' title='bbox 855 3145 1002 3231; x_wconf 77' lang='lat' dir='ltr'><strong>fortasse</strong></span> <span class='ocrx_word' id='word_1_203' title='bbox 1013 3143 1179 3230; x_wconf 86' lang='lat' dir='ltr'><strong>pertinet,</strong></span> <span class='ocrx_word' id='word_1_204' title='bbox 1202 3141 1292 3209; x_wconf 89' lang='lat' dir='ltr'><strong>nihil</strong></span> <span class='ocrx_word' id='word_1_205' title='bbox 1306 3142 1434 3241; x_wconf 71' lang='lat' dir='ltr'><strong>obstat,</strong></span> 
     </span>
     <span class='ocr_line' id='line_1_26' title="bbox 261 3248 1434 3337; baseline 0.003 -26"><span class='ocrx_word' id='word_1_206' title='bbox 261 3248 447 3334; x_wconf 89' lang='lat' dir='ltr'><strong>quominus</strong></span> <span class='ocrx_word' id='word_1_207' title='bbox 461 3270 511 3334; x_wconf 89' lang='lat' dir='ltr'><strong>ea,</strong></span> <span class='ocrx_word' id='word_1_208' title='bbox 535 3251 746 3337; x_wconf 80' lang='lat' dir='ltr'><strong>comprimo</strong></span> <span class='ocrx_word' id='word_1_209' title='bbox 770 3272 841 3315; x_wconf 93' lang='lat' dir='ltr'><strong>non</strong></span> <span class='ocrx_word' id='word_1_210' title='bbox 864 3251 935 3316; x_wconf 90' lang='lat' dir='ltr'><strong>nisi</strong></span> <span class='ocrx_word' id='word_1_211' title='bbox 958 3260 1041 3317; x_wconf 91' lang='lat' dir='ltr'><strong>ante</strong></span> <span class='ocrx_word' id='word_1_212' title='bbox 1065 3257 1295 3317; x_wconf 83' lang='lat' dir='ltr'><strong>consonantes</strong></span> <span class='ocrx_word' id='word_1_213' title='bbox 1319 3250 1434 3337; x_wconf 89' lang='lat' dir='ltr'><strong>posita</strong></span> 
     </span>
     <span class='ocr_line' id='line_1_27' title="bbox 258 3354 1431 3443; baseline 0.003 -24"><span class='ocrx_word' id='word_1_214' title='bbox 258 3354 403 3441; x_wconf 72' lang='lat' dir='ltr'><strong>tuerint,</strong></span> <span class='ocrx_word' id='word_1_215' title='bbox 427 3364 548 3443; x_wconf 86' lang='lat' dir='ltr'><strong>postea</strong></span> <span class='ocrx_word' id='word_1_216' title='bbox 571 3356 615 3423; x_wconf 88' lang='lat' dir='ltr'><strong>ab</strong></span> <span class='ocrx_word' id='word_1_217' title='bbox 639 3357 705 3425; x_wconf 92' lang='lat' dir='ltr'><strong>hao</strong></span> <span class='ocrx_word' id='word_1_218' title='bbox 729 3359 936 3425; x_wconf 78' lang='lat' dir='ltr'><strong>condicione</strong></span> <span class='ocrx_word' id='word_1_219' title='bbox 960 3359 1075 3427; x_wconf 88' lang='lat' dir='ltr'><strong>soluta</strong></span> <span class='ocrx_word' id='word_1_220' title='bbox 1110 3359 1219 3425; x_wconf 91' lang='lat' dir='ltr'><strong>etiam</strong></span> <span class='ocrx_word' id='word_1_221' title='bbox 1253 3365 1338 3424; x_wconf 88' lang='lat' dir='ltr'><strong>ante</strong></span> <span class='ocrx_word' id='word_1_222' title='bbox 1371 3381 1431 3424; x_wconf 88' lang='lat' dir='ltr'><strong>vo·</strong></span> 
     </span>
     <span class='ocr_line' id='line_1_28' title="bbox 258 3458 1533 3554; baseline 0.005 -27"><span class='ocrx_word' id='word_1_223' title='bbox 258 3463 350 3528; x_wconf 90' lang='lat' dir='ltr'><strong>oales</strong></span> <span class='ocrx_word' id='word_1_224' title='bbox 374 3463 526 3530; x_wconf 91' lang='lat' dir='ltr'><strong>admissa</strong></span> <span class='ocrx_word' id='word_1_225' title='bbox 550 3488 626 3531; x_wconf 85' lang='lat' dir='ltr'><strong>esee</strong></span> <span class='ocrx_word' id='word_1_226' title='bbox 649 3474 821 3554; x_wconf 86' lang='lat' dir='ltr'><strong>putemus.</strong></span> <span class='ocrx_word' id='word_1_227' title='bbox 867 3467 1012 3534; x_wconf 86' lang='lat' dir='ltr'><strong>Praeter</strong></span> <span class='ocrx_word' id='word_1_228' title='bbox 1028 3468 1115 3534; x_wconf 88' lang='lat' dir='ltr'><strong>haee</strong></span> <span class='ocrx_word' id='word_1_229' title='bbox 1127 3468 1250 3534; x_wconf 87' lang='lat' dir='ltr'><strong>attulit</strong></span> <span class='ocrx_word' id='word_1_230' title='bbox 1274 3466 1346 3532; x_wconf 89' lang='lat' dir='ltr'><strong>Leo</strong></span> <span class='ocrx_word' id='word_1_231' title='bbox 1363 3489 1432 3533; x_wconf 94' lang='lat' dir='ltr'><strong>non</strong></span> <span class='ocrx_word' id='word_1_232' title='bbox 1530 3458 1533 3466; x_wconf 65' lang='grc'><em>’</em></span> 
     </span>
     <span class='ocr_line' id='line_1_29' title="bbox 257 3571 1432 3661; baseline 0.003 -24"><span class='ocrx_word' id='word_1_233' title='bbox 257 3593 387 3659; x_wconf 78' lang='lat' dir='ltr'><strong>paucos</strong></span> <span class='ocrx_word' id='word_1_234' title='bbox 410 3571 515 3661; x_wconf 88' lang='lat' dir='ltr'><strong>looos,</strong></span> <span class='ocrx_word' id='word_1_235' title='bbox 539 3596 687 3659; x_wconf 87' lang='lat' dir='ltr'><strong>quorum</strong></span> <span class='ocrx_word' id='word_1_236' title='bbox 711 3575 841 3642; x_wconf 89' lang='lat' dir='ltr'><strong>alteros</strong></span> <span class='ocrx_word' id='word_1_237' title='bbox 864 3597 936 3640; x_wconf 93' lang='lat' dir='ltr'><strong>non</strong></span> <span class='ocrx_word' id='word_1_238' title='bbox 959 3575 1030 3641; x_wconf 90' lang='lat' dir='ltr'><strong>nisi</strong></span> <span class='ocrx_word' id='word_1_239' title='bbox 1052 3600 1084 3642; x_wconf 80' lang='lat' dir='ltr'><strong>-s</strong></span> <span class='ocrx_word' id='word_1_240' title='bbox 1099 3576 1432 3642; x_wconf 87' lang='lat' dir='ltr'><strong>litteraantevooa·</strong></span> 
     </span>
     <span class='ocr_line' id='line_1_30' title="bbox 256 3678 1430 3766; baseline 0.006 -22"><span class='ocrx_word' id='word_1_241' title='bbox 256 3678 326 3745; x_wconf 91' lang='lat' dir='ltr'><strong>lem</strong></span> <span class='ocrx_word' id='word_1_242' title='bbox 349 3680 462 3747; x_wconf 88' lang='lat' dir='ltr'><strong>eieota</strong></span> <span class='ocrx_word' id='word_1_243' title='bbox 496 3704 575 3749; x_wconf 90' lang='lat' dir='ltr'><strong>oum</strong></span> <span class='ocrx_word' id='word_1_244' title='bbox 608 3689 684 3749; x_wconf 89' lang='lat' dir='ltr'><strong>arte</strong></span> <span class='ocrx_word' id='word_1_245' title='bbox 708 3683 856 3749; x_wconf 80' lang='lat' dir='ltr'><strong>metrica</strong></span> <span class='ocrx_word' id='word_1_246' title='bbox 879 3682 1044 3750; x_wconf 88' lang='lat' dir='ltr'><strong>Plautina</strong></span> <span class='ocrx_word' id='word_1_247' title='bbox 1067 3684 1265 3766; x_wconf 80' lang='lat' dir='ltr'><strong>eonvenite,</strong></span> <span class='ocrx_word' id='word_1_248' title='bbox 1301 3684 1430 3751; x_wconf 86' lang='lat' dir='ltr'><strong>alteros</strong></span> 
     </span>
     <span class='ocr_line' id='line_1_31' title="bbox 255 3786 1430 3878; baseline 0.006 -28"><span class='ocrx_word' id='word_1_249' title='bbox 255 3786 332 3852; x_wconf 90' lang='lat' dir='ltr'><strong>sine</strong></span> <span class='ocrx_word' id='word_1_250' title='bbox 356 3811 387 3854; x_wconf 84' lang='lat' dir='ltr'><strong>-s</strong></span> <span class='ocrx_word' id='word_1_251' title='bbox 410 3789 561 3856; x_wconf 84' lang='lat' dir='ltr'><strong>traditos</strong></span> <span class='ocrx_word' id='word_1_252' title='bbox 586 3814 662 3857; x_wconf 90' lang='lat' dir='ltr'><strong>esse</strong></span> <span class='ocrx_word' id='word_1_253' title='bbox 687 3791 872 3858; x_wconf 88' lang='lat' dir='ltr'><strong>ostendere</strong></span> <span class='ocrx_word' id='word_1_254' title='bbox 895 3792 982 3859; x_wconf 80' lang='lat' dir='ltr'><strong>vult.</strong></span> <span class='ocrx_word' id='word_1_255' title='bbox 1030 3793 1084 3857; x_wconf 79' lang='lat' dir='ltr'><strong>Ex</strong></span> <span class='ocrx_word' id='word_1_256' title='bbox 1107 3791 1162 3857; x_wconf 90' lang='lat' dir='ltr'><strong>his</strong></span> <span class='ocrx_word' id='word_1_257' title='bbox 1186 3813 1294 3857; x_wconf 88' lang='lat' dir='ltr'><strong>unum</strong></span> <span class='ocrx_word' id='word_1_258' title='bbox 1319 3814 1430 3878; x_wconf 86' lang='lat' dir='ltr'><strong>genus</strong></span> 
     </span>
     <span class='ocr_line' id='line_1_32' title="bbox 255 3894 1430 3987; baseline 0.005 -28"><span class='ocrx_word' id='word_1_259' title='bbox 255 3894 411 3964; x_wconf 86' lang='lat' dir='ltr'><strong>seiunxit</strong></span> <span class='ocrx_word' id='word_1_260' title='bbox 434 3904 470 3963; x_wconf 91' lang='lat' dir='ltr'><strong>et</strong></span> <span class='ocrx_word' id='word_1_261' title='bbox 494 3898 597 3965; x_wconf 86' lang='lat' dir='ltr'><strong>aliter</strong></span> <span class='ocrx_word' id='word_1_262' title='bbox 620 3899 875 3987; x_wconf 88' lang='lat' dir='ltr'><strong>interpretatus</strong></span> <span class='ocrx_word' id='word_1_263' title='bbox 900 3907 954 3966; x_wconf 88' lang='lat' dir='ltr'><strong>est</strong></span> <span class='ocrx_word' id='word_1_264' title='bbox 978 3900 1111 3966; x_wconf 85' lang='lat' dir='ltr'><strong>Birtius</strong></span> <span class='ocrx_word' id='word_1_265' title='bbox 1135 3903 1233 3981; x_wconf 82' lang='lat' dir='ltr'><strong>(mue.</strong></span> <span class='ocrx_word' id='word_1_266' title='bbox 1259 3900 1357 3968; x_wconf 88' lang='lat' dir='ltr'><strong>rhen.</strong></span> <span class='ocrx_word' id='word_1_267' title='bbox 1381 3900 1430 3966; x_wconf 84' lang='lat' dir='ltr'><strong>LI</strong></span> 
     </span>
     <span class='ocr_line' id='line_1_33' title="bbox 253 4004 1428 4095; baseline 0.006 -27"><span class='ocrx_word' id='word_1_268' title='bbox 253 4025 332 4090; x_wconf 85' lang='lat' dir='ltr'><strong>pag.</strong></span> <span class='ocrx_word' id='word_1_269' title='bbox 350 4004 438 4086; x_wconf 77' lang='lat'><strong>248),</strong></span> <span class='ocrx_word' id='word_1_270' title='bbox 461 4007 522 4092; x_wconf 90' lang='lat' dir='ltr'><strong>qui</strong></span> <span class='ocrx_word' id='word_1_271' title='bbox 536 4009 753 4091; x_wconf 81' lang='lat' dir='ltr'><strong>multimodis,</strong></span> <span class='ocrx_word' id='word_1_272' title='bbox 776 4010 985 4086; x_wconf 79' lang='lat' dir='ltr'><strong>omnimodis,</strong></span> <span class='ocrx_word' id='word_1_273' title='bbox 1009 4010 1090 4075; x_wconf 80' lang='lat' dir='ltr'><strong>illus</strong></span> <span class='ocrx_word' id='word_1_274' title='bbox 1113 4008 1261 4095; x_wconf 65' lang='lat' dir='ltr'><strong>amoma)</strong></span> <span class='ocrx_word' id='word_1_275' title='bbox 1286 4012 1428 4093; x_wconf 71' lang='lat' dir='ltr'><strong>catrices,</strong></span> 
     </span>
     <span class='ocr_line' id='line_1_34' title="bbox 254 4112 1428 4204; baseline 0.005 -27"><span class='ocrx_word' id='word_1_276' title='bbox 254 4112 441 4199; x_wconf 80' lang='lat' dir='ltr'><strong>optum(us)</strong></span> <span class='ocrx_word' id='word_1_277' title='bbox 465 4124 495 4180; x_wconf 86' lang='lat' dir='ltr'><strong>et</strong></span> <span class='ocrx_word' id='word_1_278' title='bbox 519 4118 741 4182; x_wconf 75' lang='lat' dir='ltr'><strong>curiosumuat</strong></span> <span class='ocrx_word' id='word_1_279' title='bbox 776 4116 852 4183; x_wconf 89' lang='lat' dir='ltr'><strong>sim.</strong></span> <span class='ocrx_word' id='word_1_280' title='bbox 888 4116 939 4183; x_wconf 91' lang='lat' dir='ltr'><strong>ita</strong></span> <span class='ocrx_word' id='word_1_281' title='bbox 974 4116 1216 4203; x_wconf 87' lang='lat' dir='ltr'><strong>intellegenda</strong></span> <span class='ocrx_word' id='word_1_282' title='bbox 1251 4139 1328 4183; x_wconf 84' lang='lat' dir='ltr'><strong>esse</strong></span> <span class='ocrx_word' id='word_1_283' title='bbox 1352 4139 1428 4204; x_wconf 90' lang='lat' dir='ltr'><strong>pro·</strong></span> 
     </span>
     <span class='ocr_line' id='line_1_35' title="bbox 254 4219 1427 4309; baseline 0.007 -25"><span class='ocrx_word' id='word_1_284' title='bbox 254 4219 420 4286; x_wconf 88' lang='lat' dir='ltr'><strong>habiliter</strong></span> <span class='ocrx_word' id='word_1_285' title='bbox 445 4223 616 4309; x_wconf 86' lang='lat' dir='ltr'><strong>exposuit,</strong></span> <span class='ocrx_word' id='word_1_286' title='bbox 652 4231 692 4290; x_wconf 92' lang='lat' dir='ltr'><strong>ut</strong></span> <span class='ocrx_word' id='word_1_287' title='bbox 717 4222 784 4290; x_wconf 86' lang='lat' dir='ltr'><strong>duo</strong></span> <span class='ocrx_word' id='word_1_288' title='bbox 807 4223 951 4291; x_wconf 89' lang='lat' dir='ltr'><strong>nomina</strong></span> <span class='ocrx_word' id='word_1_289' title='bbox 974 4248 1044 4291; x_wconf 92' lang='lat' dir='ltr'><strong>una</strong></span> <span class='ocrx_word' id='word_1_290' title='bbox 1067 4226 1219 4291; x_wconf 84' lang='lat' dir='ltr'><strong>flexione</strong></span> <span class='ocrx_word' id='word_1_291' title='bbox 1252 4224 1427 4292; x_wconf 79' lang='lat' dir='ltr'><strong>declinata</strong></span> 
     </span>
     <span class='ocr_line' id='line_1_36' title="bbox 254 4325 1427 4420; baseline 0.007 -30"><span class='ocrx_word' id='word_1_292' title='bbox 254 4325 336 4408; x_wconf 86' lang='lat' dir='ltr'><strong>sint,</strong></span> <span class='ocrx_word' id='word_1_293' title='bbox 359 4326 451 4394; x_wconf 86' lang='lat' dir='ltr'><strong>siout</strong></span> <span class='ocrx_word' id='word_1_294' title='bbox 475 4329 513 4394; x_wconf 90' lang='lat' dir='ltr'><strong>in</strong></span> <span class='ocrx_word' id='word_1_295' title='bbox 537 4329 661 4417; x_wconf 87' lang='lat' dir='ltr'><strong>lingua</strong></span> <span class='ocrx_word' id='word_1_296' title='bbox 685 4337 806 4397; x_wconf 88' lang='lat' dir='ltr'><strong>nostra</strong></span> <span class='ocrx_word' id='word_1_297' title='bbox 840 4335 879 4397; x_wconf 83' lang='lat' dir='ltr'><strong>iu</strong></span> <span class='ocrx_word' id='word_1_298' title='bbox 911 4343 971 4419; x_wconf 74' lang='lat' dir='ltr'><strong>qut</strong></span> <span class='ocrx_word' id='word_1_299' title='bbox 1004 4336 1077 4400; x_wconf 78' lang='lat' dir='ltr'><strong>auu</strong></span> <span class='ocrx_word' id='word_1_300' title='bbox 1100 4329 1348 4420; x_wconf 61' lang='lat' dir='ltr'><strong>boseu‘fTapeu,</strong></span> <span class='ocrx_word' id='word_1_301' title='bbox 1373 4336 1427 4398; x_wconf 83' lang='lat' dir='ltr'><strong>eiu</strong></span> 
     </span>
    </p>
   </div>
   <div class='ocr_carea' id='block_1_5' title="bbox 0 0 1684 5117">
    <p class='ocr_par' dir='ltr' id='par_1_6' title="bbox 0 0 1684 5117">
     <span class='ocr_line' id='line_1_37' title="bbox 0 0 1684 5117; baseline 0 7"><span class='ocrx_word' id='word_1_302' title='bbox 0 0 1684 5117; x_wconf 95' lang='lat' dir='ltr'><strong> </strong></span> 
     </span>
    </p>
   </div>
  </div>
 </body>
</html>
