3359 5117
755 460 975 533 -39-

277 665 486 733 coneludere
509 687 702 754 possumus,
726 666 811 752 quin
836 666 945 732 etiam
962 664 1138 741 debemus,
1163 666 1284 732 eadem
1301 669 1450 752 ratione,

277 798 345 862 qua
384 798 427 841 ex
450 799 483 839 ru
506 773 649 840 litterae
687 796 766 840 cum
802 798 824 840 a
864 782 901 840 et
935 797 958 839 a
993 796 1072 840 oum
1106 798 1139 838 aa
1175 777 1449 844 commutatione

276 905 397 970 parem
430 883 505 950 fere
544 904 662 949 earum
697 882 977 949 enuntiationem
1011 882 1081 948 viri
1116 880 1213 948 docti
1248 883 1449 951 effecerunt.

276 990 374 1068 Quae
397 999 515 1057 autem
540 992 610 1057 alia
634 991 682 1056 sit
706 990 793 1056 haee
818 990 1018 1055 enuntiatio
1042 990 1113 1055 nisi
1136 991 1267 1057 vocalis
1291 992 1450 1079 proxima

275 1121 338 1186 per
361 1121 464 1166 nares
489 1121 664 1188 expressa,
701 1098 852 1165 eundem
876 1098 934 1165 vel
958 1098 1108 1164 similem
1133 1098 1170 1163 in
1194 1098 1346 1184 modum,
1374 1100 1449 1186 ¹quo
1533 1099 1536 1105 ’

275 1207 501 1294 Francogalli
524 1207 581 1273 vel
606 1206 713 1273 Suebi
748 1211 784 1272 et
808 1205 997 1272 Alemanni
1031 1207 1189 1273 vocalem
1223 1213 1260 1272 et
1293 1208 1450 1273 nasalem

274 1314 318 1379 ab
342 1316 454 1380 altera
477 1325 692 1381 consonante
716 1325 882 1402 exceptas
906 1313 1031 1379 efferre
1054 1316 1180 1398 soient,
1203 1335 1274 1380 non
1299 1315 1447 1397 video.*)

277 1420 440 1499 Quodne
465 1422 658 1506 credamne,
683 1422 886 1488 Seelmanui
909 1422 1115 1506 rationibus,
1140 1444 1229 1508 quae
1253 1430 1450 1509 supersunt,

277 1552 320 1594 ex
358 1530 536 1598 labrorum
581 1531 795 1618 linguaeque
834 1530 1072 1597 Romanorum
1111 1538 1239 1597 natura
1288 1531 1450 1617 repetitis

276 1638 421 1705 minime
444 1639 682 1726 prohibemur.
730 1640 844 1718 Quam
861 1640 953 1705 enim
978 1640 1116 1706 infirma
1133 1639 1171 1705 in
1186 1640 1319 1727 lingua,
1343 1646 1383 1705 ut
1398 1640 1450 1706 ita

276 1745 399 1831 dicam,
434 1757 571 1814 mortua
595 1748 681 1814 talia
705 1746 786 1832 siut,
822 1748 865 1814 G.
891 1748 1013 1834 Meyer
1047 1748 1179 1836 optime
1215 1748 1379 1835 exposuit
1409 1747 1447 1815 iu

274 1855 452 1921 annalium
470 1856 530 1942 qui
545 1855 786 1922 inscribuntur
799 1857 993 1942 Zeitecitrist
1005 1859 1068 1942 fair
1084 1857 1138 1923 die
1154 1858 1450 1923 osterreich-eolica

275 1962 499 2049 Gymnesiae,
528 1986 621 2031 anuo
648 1964 734 2031 1885
769 1964 944 2030 editorum
968 1987 1048 2051 pag.
1073 1962 1149 2047 273,
1184 1964 1245 2030 ubi
1280 1963 1324 2031 de
1347 1964 1443 2031 illius

274 2070 344 2135 viri
368 2069 464 2137 docti
486 2071 576 2139 libro
599 2072 770 2140 iudicium
794 2079 830 2138 et
854 2082 1037 2138 censuram
1060 2072 1157 2138 iecit.

381 2178 547 2245 Ceterum
570 2202 649 2247 cum
673 2179 744 2246 illis
781 2180 878 2265 locis,
912 2178 1038 2266 quibus
1070 2202 1112 2245 ac
1135 2201 1198 2266 pro
1222 2202 1245 2245 a
1279 2179 1450 2267 scriptum

275 2308 350 2352 esse
385 2286 548 2372 vidimus,
583 2290 734 2355 fortasse
768 2290 856 2354 haec
891 2309 1027 2374 quoque
1061 2287 1167 2354 lectio
1204 2285 1450 2373 coniungenda

272 2400 349 2462 est:
376 2397 543 2480 patieutis
565 2419 641 2463 sum
663 2418 764 2463 manc
786 2399 853 2462 aim
888 2417 977 2482 quae
1013 2395 1109 2463 Trin.
1135 2395 1199 2461 542
1224 2394 1314 2461 inB
1350 2402 1448 2461 extat

271 2523 335 2588 pro
353 2506 725 2590 patientissumumst
749 2505 813 2586 (sic
836 2504 893 2587 A),
916 2526 995 2570 cum
1018 2527 1080 2570 -aru
1104 2506 1170 2570 aim
1192 2504 1230 2569 in
1254 2502 1315 2569 OD
1340 2502 1449 2590 scrip-

273 2618 348 2675 tum
382 2610 551 2697 legamus.
599 2612 698 2692 Quae
728 2611 859 2679 codicis
884 2611 1024 2677 Veteris
1059 2611 1164 2678 lectio
1196 2633 1240 2676 ex
1268 2613 1450 2696 patientia·

270 2730 446 2787 ramaneat
469 2728 547 2787 orta
563 2742 640 2788 esse
656 2720 809 2803 videtur,
833 2742 912 2787 cum
936 2729 979 2787 -at
1002 2719 1142 2807 saepius
1166 2718 1205 2784 in
1227 2721 1292 2784 sim
1308 2738 1448 2806 corrup·

272 2832 347 2891 tum
372 2827 429 2912 eit,
453 2836 492 2894 ut
516 2828 613 2896 Trio.
638 2827 704 2892 445
728 2828 766 2894 iu
790 2827 863 2896 OD.
910 2827 1004 2893 Huic
1034 2828 1111 2893 loco
1136 2825 1292 2892 eiusdem
1317 2824 1448 2891 codicis

274 2930 303 2996 B
318 2933 508 3002 lectionem
524 2937 702 3023 adiungo:
727 2947 845 3021 eqccct
869 2940 966 3018 (num
981 2958 1025 3002 ex
1049 2944 1184 3018 eqaacat
1200 2939 1277 3000 orta
1293 2932 1448 3016 esti),**)

273 3063 362 3126 quae
385 3064 449 3130 pro
472 3065 611 3128 aequom
635 3050 682 3113 est
706 3046 802 3112 Triu.
828 3043 895 3110 830
918 3044 1110 3111 iuvenitur.
1158 3041 1253 3120 Quas
1287 3040 1318 3105 si
1349 3048 1446 3107 reete

274 3165 528 3256 interpretatus
552 3193 638 3257 sum,
665 3155 835 3258 „iaetdst‘
861 3191 925 3259 pro
956 3164 1212 3256 ,factum“est“
1238 3166 1351 3232 nauali
1367 3187 1449 3232 con·

270 3285 420 3344 sonante
445 3279 631 3347 obscurata
666 3280 724 3346 vel
759 3280 877 3368 potius
901 3278 1017 3345 vocali
1051 3299 1114 3365 per
1147 3298 1250 3342 nares
1283 3295 1447 3362 expressa

271 3386 497 3453 enuntiatum
521 3409 607 3473 esse,
642 3387 681 3455 id
716 3387 811 3475 quod
847 3409 953 3475 supra
977 3385 1163 3452 ostendere
1187 3406 1264 3451 sum
1287 3389 1445 3465 conatus,

272 3500 309 3561 et
330 3494 429 3583 ipsae
453 3495 591 3566 docent.

273 3676 485 3689 —-....-—,

378 3787 404 3857 ²¹⁶)
426 3787 505 3853 Quae
524 3790 667 3844 sententia
687 3807 720 3844 ea
740 3805 899 3859 quoquere
918 3786 1055 3853 firmatur,
1076 3783 1152 3855 quod
1165 3784 1231 3839 doh.
1246 3778 1415 3837 Stormiusl.
1429 3778 1447 3850 l⁸

270 3893 297 3948 p.
318 3878 353 3932 60
373 3878 457 3934 docet
477 3880 607 3936 inlibris
630 3879 855 3951 Francogallicis
883 3878 977 3933 medio
997 3892 1068 3930 aevo
1088 3875 1203 3943 seriptis
1224 3880 1312 3943 ,uug⁴
1337 3869 1447 3940 ,boug“

274 3968 375 4039 ,ving“
396 3970 458 4024 eim.
479 3972 549 4026 satis
576 3988 661 4042 saepe
688 3974 793 4036 extare,
821 3987 886 4024 cum
912 3982 980 4023 vera
1009 3963 1167 4019 enuntiatio
1196 3963 1262 4016 huic
1290 3960 1449 4029 scripturae

272 4058 380 4127 similis,
400 4060 620 4133 haudquaquam
640 4079 692 4133 par
711 4060 807 4116 fuerit.

379 4168 425 4238 **)
445 4170 482 4225 ef.
504 4170 584 4226 Trin.
614 4171 686 4226 324:
716 4187 768 4240 que
788 4171 860 4223 dont
879 4184 931 4237 pro
951 4158 1163 4234 quaedaffwt
1182 4161 1212 4213 in
1230 4157 1273 4225 P3
1291 4155 1375 4211 Most.
1394 4155 1448 4209 316

271 4263 365 4314 teauct
384 4279 435 4331 pro
456 4259 635 4317 taeaam⁶eat
655 4262 685 4313 in
704 4261 744 4328 P;
772 4259 858 4313 Truc.
878 4256 895 4310 6
915 4255 930 4308 7
951 4255 1075 4307 lutitant
1094 4268 1147 4321 pro
1166 4244 1356 4304 iubitaffeat
1375 4245 1447 4330 iuB

272 4354 364 4424 (ami
384 4356 464 4424 (ἕως
482 4355 526 4409 his
546 4369 659 4424 quoque
678 4350 749 4406 locis
768 4369 782 4405 a
800 4350 897 4403 littera
917 4342 1071 4397 intercidit.
