3359 5117
753 422 971 489 .-16-

272 619 459 694 sententiis
481 621 748 709 interrogativis
774 620 894 688 omisit
917 624 960 706 (e.
985 644 1036 708 gr.
1063 622 1163 688 Cure.
1189 622 1334 704 ers-733
1358 620 1447 707 5823

273 730 354 813 621;
385 730 466 812 6233
497 731 582 816 7125
617 729 745 796 Bacch.
777 729 862 814 317,
892 730 973 810 3213
1006 729 1090 814 470,
1134 732 1216 817 62³3
1250 730 1331 796 681:
1365 730 1441 799 777:

272 838 353 920 784;
376 835 468 918 854).
514 837 642 903 Hiatus
667 858 813 923 quoque,
845 836 906 923 qui
930 844 1089 903 estante
1118 841 1258 922 obsecro,
1289 839 1448 904 excusari

271 950 389 1032 potest
396 966 406 1029 3
442 943 525 1010 ride
552 943 774 1011 Theodorum
804 943 893 1029 Birt,
928 944 989 1029 qui
1022 943 1115 1024 libri,
1154 946 1214 1031 qui
1245 944 1449 1012 inscribitur

272 1050 345 1118 Der
368 1050 456 1118 Hiat
486 1051 544 1119 bei
566 1051 712 1118 Plautus
744 1049 817 1134 und
852 1049 909 1117 die
943 1051 1152 1118 lateinische
1176 1052 1390 1141 Aspiration,
1413 1075 1447 1140 p.

271 1158 338 1224 318
361 1180 412 1245 sq.
436 1159 545 1227 verba
568 1158 736 1225 alitteris
760 1160 798 1225 ob
822 1159 1040 1246 incipientia,
1064 1160 1192 1249 quippe
1209 1182 1298 1246 quae
1314 1160 1448 1227 acriore

273 1266 512 1354 exspiratione
548 1289 713 1354 expressa
751 1267 832 1351 sint,
876 1266 1013 1333 hiatum
1052 1266 1235 1333 admisisse
1275 1268 1448 1355 exposuit.

272 1372 429 1452 Accedit,
462 1372 555 1461 quod
591 1374 772 1460 ,obsecro“
808 1396 871 1462 pro
910 1374 1158 1441 interiectione
1193 1376 1348 1463 positum
1385 1382 1450 1467 est,

273 1479 366 1568 apud
401 1502 486 1566 quas
524 1504 570 1546 ne
608 1480 787 1569 Vergilius
821 1481 967 1567 quidem
1012 1482 1143 1568 aliique
1188 1490 1323 1570 poetae,
1364 1505 1449 1568 quos

274 1588 436 1655 classicos
469 1589 696 1677 appellamus,
730 1589 866 1655 hiatum
901 1612 1040 1678 semper
1073 1597 1283 1678 spreverunt
1318 1591 1451 1684 (Klotz,

273 1694 511 1763 Altrdmische
526 1697 657 1763 Metrilr
679 1719 760 1784 pag.
781 1698 844 1763 104
860 1720 929 1783 sq.;
953 1696 1123 1784 Lindsay,
1140 1698 1295 1764 Anoient
1312 1697 1450 1764 edtions

275 1801 316 1868 of
334 1803 480 1870 Plautus
504 1826 585 1892 pag.
613 1805 677 1869 118
700 1804 775 1890 sq.).
801 1843 843 1852 -

379 1933 414 1977 v.
437 1911 522 1979 892:
547 1921 594 1978 est
618 1933 684 1978 om.
709 1912 749 1978 B.
784 1950 825 1960 --
850 1934 883 1980 v.
908 1912 991 1979 899:
1015 1922 1062 1979 est
1086 1935 1152 1978 om.
1171 1914 1214 1978 D.
1239 1950 1281 1959 —
1306 1923 1339 1979 v.
1365 1912 1450 1980 937:

273 2040 404 2086 nomen
426 2019 607 2107 proprium
628 2020 743 2087 discet
766 2018 804 2085 in
827 2023 926 2087 sinon
950 2023 995 2103 (si
1016 2042 1083 2086 eon
1106 2019 1152 2103 D)
1177 2030 1225 2087 est
1247 2029 1450 2108 corruptum

275 2134 329 2193 est
352 2127 397 2210 (A
413 2149 447 2193 n.
464 2126 502 2208 l.)
527 2165 568 2176 -
592 2149 625 2195 v.
652 2127 756 2195 1066:
779 2137 940 2195 necessest
962 2127 1000 2193 in
1034 2150 1163 2193 necesse
1186 2131 1230 2195 sit
1258 2127 1303 2195 0:
1335 2127 1451 2195 omnia

273 2233 361 2302 haec
384 2223 660 2323 corruptelarum
684 2256 815 2322 genera
848 2235 935 2302 satis
965 2257 1070 2323 saepe
1100 2236 1138 2302 in
1161 2235 1320 2303 omnibus
1350 2235 1451 2302 libris

270 2341 530 2430 manuscriptis,
560 2364 675 2430 neque
698 2342 810 2408 solum
832 2342 1017 2429 Plautinis,
1040 2341 1208 2428 redeunt3
1239 2342 1284 2409 ad
1308 2364 1449 2430 corrup-

271 2448 380 2516 telam
409 2451 454 2516 sit
484 2472 546 2539 pro
579 2461 624 2518 -st
653 2449 744 2536 vide,
777 2473 866 2537 quae
889 2451 1070 2519 Madvicus
1105 2452 1250 2539 collegit
1284 2450 1351 2534 (ed.
1375 2450 1447 2545 (lie.

274 2554 318 2622 de
341 2555 401 2625 off.
423 2578 504 2645 pag.
528 2557 618 2640 444).

375 2664 436 2730 ‘De
458 2664 669 2732 lectionibus
693 2676 805 2751 vectes,
836 2671 984 2755 frastres
1015 2666 1187 2735 similibus
1217 2689 1323 2754 supra
1351 2669 1444 2754 (pag.

274 2770 329 2852 11)
364 2770 447 2839 dixi.
483 2772 606 2859 Neque
641 2796 673 2855 v.
712 2772 799 2840 1150
836 2796 936 2860 quem
970 2777 1122 2842 odiosum
1150 2785 1206 2860 est,
1241 2795 1330 2861 quae
1364 2773 1448 2839 libri

273 2879 429 2966 tradunt,
459 2902 539 2947 curn
562 2879 744 2948 Theodoro
775 2881 895 2969 Bergk
923 2883 962 2949 in
993 2905 1193 2969 quamquem
1223 2884 1329 2949 odiost
1356 2904 1447 2950 com·

273 2987 442 3055 mutanda
477 3009 553 3054 esse
588 2988 808 3056 Reinholdus
844 2989 951 3056 Klotz
986 2991 1022 3074 (l.
1058 2991 1081 3057 l.
1117 3013 1197 3078 pag.
1232 2989 1312 3072 429)
1350 2995 1447 3055 recte

273 3093 535 3162 animadvertit.
593 3096 678 3164 Nam
718 3085 865 3185 Bergkii
903 3096 1104 3165 coniectura
1138 3097 1364 3185 comprobata
1404 3101 1444 3160 ut

272 3202 381 3282 verba
419 3202 640 3289 aliquantum
680 3203 889 3270 dilucidiora
919 3212 955 3271 et
989 3203 1206 3292 elegantiora
1243 3203 1444 3291 legentibus

273 3308 375 3377 nobis
392 3332 468 3377 esse
491 3311 667 3398 videntur,
690 3312 742 3379 ita
765 3311 977 3378 histrionum
992 3312 1094 3379 ludus
1110 3313 1225 3378 minus
1241 3309 1381 3378 vividus
1404 3307 1445 3372 fit

273 3422 309 3483 et
325 3417 426 3501 quasi
449 3418 646 3506 exsanguis.
694 3418 771 3497 Qua
786 3440 918 3485 recum
933 3416 979 3484 ad
994 3419 1160 3485 Plautum
1174 3417 1241 3484 hoc
1256 3416 1444 3506 pertineat.

271 3522 490 3593 alacritatem
513 3525 712 3613 elegantiae
735 3532 950 3613 anteponere
973 3546 1043 3590 non
1068 3524 1315 3591 dubitabimus.
1364 3525 1442 3590 Odi·

272 3654 350 3699 osus
379 3632 593 3700 adiectivum
615 3633 761 3699 Plautus
791 3631 848 3697 his
878 3632 965 3699 locis
995 3631 1175 3700 adhibuit:
1207 3631 1332 3698 Bacch.
1362 3632 1442 3715 1363

274 3739 378 3822 10623
412 3740 517 3808 Mero.
547 3738 627 3822 6083
662 3739 736 3806 Mil.
754 3738 845 3823 *427;
878 3738 962 3822 6553
993 3738 1089 3804 Pers.
1114 3739 1195 3821 236;
1230 3738 1331 3806 Truc.
1367 3740 1442 3805 619.

755 4042 969 4052 -a-——n-n
