3359 5117
696 464 917 531 ...46-

271 662 426 750 syllabas
457 661 546 748 illas,
583 684 775 748 quaecum
807 672 855 730 εει
888 661 927 728 in
950 683 1056 728 unam
1091 661 1263 749 syllabam
1298 669 1442 730 coactae

269 775 361 854 sunt,
396 768 686 856 quadringenties
721 769 837 835 sexies
872 777 908 835 et
941 768 1022 834 illas
1057 768 1136 835 cum
1171 792 1206 836 εε
1240 778 1440 836 contractas

272 875 407 943 centies
445 875 657 963 quadragies
691 876 729 942 in
763 876 903 943 litteras
938 901 997 944 -ae
1032 875 1193 943 excidere
1230 877 1441 946 videbimus.

269 982 488 1051 Antecedere
511 982 631 1069 itaque
655 983 784 1069 ubique
808 983 900 1049 solet
923 1008 946 1049 a
970 983 1098 1052 brevis.

377 1127 433 1195 Ab
468 1127 523 1194 his
556 1133 611 1193 tot
647 1129 816 1215 exemplis
857 1127 1058 1215 discrepant
1092 1151 1153 1193 sex
1189 1137 1328 1195 tantum
1364 1130 1443 1214 loci,

270 1234 396 1322 quibus
430 1234 504 1301 Leo
527 1238 586 1302 -ἰει
608 1233 806 1323 (;·εέ“εει)
843 1237 899 1302 vel
930 1247 991 1305 -est
1014 1234 1217 1323 (z-es‘est)
1253 1237 1442 1323 legendum

270 1364 347 1408 esse
370 1349 482 1430 putet.
530 1343 620 1409 Sunt
653 1343 712 1410 hi:
748 1343 825 1409 Aul.
865 1345 944 1426 4213
978 1344 1104 1413 Pseud.
1142 1344 1220 1427 9543
1258 1345 1331 1410 Mil.
1357 1345 1440 1427 997;

271 1449 376 1517 Mero.
401 1451 488 1536 6723
512 1450 639 1539 Amph.
664 1449 749 1534 6533
783 1451 883 1518 Ourc.
909 1451 984 1518 407.
1033 1452 1101 1529 Qui
1125 1452 1265 1538 quidem
1290 1454 1446 1540 suspecti

270 1563 353 1632 sunt
375 1557 434 1622 vel
448 1566 591 1645 propter
603 1558 828 1645 paucitatem.
875 1559 992 1645 Atque
1016 1560 1047 1624 si
1059 1561 1202 1646 propius
1219 1558 1264 1624 ad
1280 1561 1437 1647 singulos

270 1664 528 1748 accesserimus,
541 1664 726 1732 nonnullos
738 1665 868 1732 habere
879 1666 1012 1752 aliquid
1025 1665 1228 1731 offensionis
1247 1667 1441 1754 apparebit.

373 1809 488 1876 Aulul.
504 1808 566 1874 421
582 1832 589 1877 ε
615 1809 789 1895 Congrio:
813 1812 878 1876 Pol
901 1814 963 1877 ειει
977 1819 1096 1895 taceas,
1119 1812 1236 1896 palam
1252 1812 1289 1877 id
1302 1813 1436 1897 quidem

265 1925 314 1984 εει
337 1938 392 1983 ree
414 1920 493 2003 ipsa
517 1919 611 1984 teatio
634 1927 691 1985 εει.
738 1916 797 1984 Sia
831 1918 1002 1983 traditum
1037 1925 1091 1982 est
1126 1918 1163 1983 in
1185 1918 1236 2003 P;
1268 1918 1301 1983 A
1332 1918 1439 1985 deest.

266 2024 332 2090 Est
355 2024 444 2091 unus
469 2046 512 2090 ex
535 2026 695 2092 versibus
718 2026 790 2090 illis
806 2025 998 2111 Reizianis,
1023 2025 1148 2112 quibus
1164 2026 1288 2091 Euclio
1313 2048 1439 2092 avarus

267 2132 504 2219 Congrionem
528 2153 660 2210 cocum,
696 2155 799 2219 quem
823 2155 867 2198 ex
891 2133 993 2198 domo
1029 2155 1092 2198 sua
1128 2133 1338 2217 exturbavit,
1374 2134 1442 2200 sibi

265 2240 401 2328 aliquid
424 2240 601 2328 surripere
617 2240 770 2308 voluisse
787 2240 979 2325 contendit,
1003 2241 1063 2306 ille
1079 2249 1262 2328 pernegat.
1311 2241 1441 2307 Omnes

265 2348 304 2415 hi
325 2367 448 2416 versus
471 2348 510 2413 in
532 2355 560 2415 L
581 2386 609 2416 v
633 2357 773 2431 exeunt,
807 2347 878 2413 nisi
909 2347 1002 2435 quod
1020 2370 1158 2415 uersus
1181 2349 1248 2414 438
1283 2349 1440 2415 clausula

266 2464 321 2523 est
356 2455 525 2524 dissoluta
554 2457 567 2522 l
595 2509 609 2525 .
637 2507 651 2524 .
681 2458 833 2544 (fdcitis).
882 2445 959 2534 Qua
994 2480 1032 2522 re
1054 2456 1289 2545 prohibemur,
1324 2480 1370 2523 ne
1405 2459 1443 2524 in

267 2564 336 2630 fine
367 2586 399 2632 v.
426 2565 488 2630 421
514 2570 608 2633 ιεειιε
631 2574 680 2631 εει
702 2566 725 2634 i.
752 2588 779 2631 e.
804 2620 832 2628 ..
853 2616 868 2631 .
888 2621 916 2629 -
939 2564 1108 2651 legamus,
1143 2573 1317 2652 repugnat
1350 2567 1444 2632 enim

264 2670 352 2738 haec
364 2673 521 2739 clausula
536 2672 824 2740 versusReiziani
840 2680 989 2739 naturae
1002 2673 1059 2752 (R.
1075 2673 1192 2755 Klotz,
1207 2673 1441 2740 Altromische

269 2779 400 2846 Metrik
422 2802 503 2868 pag.
529 2779 619 2867 519).
667 2780 717 2849 Ut
740 2780 860 2847 versui
883 2780 1120 2862 mederentur,
1156 2784 1263 2848 teetist
1287 2779 1440 2846 editores

270 2887 488 2977 scripserunt
512 2895 548 2956 et
571 2910 661 2956 unus
684 2888 758 2953 Leo
783 2886 826 2953 de
852 2894 1035 2955 contracta
1070 2887 1245 2975 scriptura
1282 2911 1320 2954 se
1344 2887 1445 2954 dubi·

213 3058 216 3064 .
271 3003 348 3062 tare
384 2996 580 3064 adnotavit.
627 2996 750 3081 Neque
785 2995 945 3084 prolecto
969 2995 1118 3062 formam
1141 3002 1215 3061 tam
1247 2996 1444 3062 inauditam

269 3104 475 3192 receperim,
519 3105 730 3193 praesertim
772 3126 852 3170 eum
886 3103 956 3169 alia
1003 3103 1107 3170 huius
1148 3126 1272 3171 versus
1307 3104 1445 3170 medela

271 3210 387 3278 minus
410 3210 606 3300 periculosa
629 3213 850 3299 praebeatur.
898 3210 1046 3298 Saepius
1062 3211 1156 3277 enim
1172 3211 1209 3276 in
1225 3211 1326 3279 libris
1341 3211 1442 3277 Plau·

270 3319 357 3386 tinis
381 3341 450 3386 vox
473 3318 644 3407 quaedam
665 3319 719 3386 bis
742 3318 874 3406 scripta
891 3326 945 3383 est
969 3317 1117 3383 diversis
1141 3340 1262 3384 versus
1285 3317 1442 3385 eiusdem

269 3426 381 3512 locis;
411 3427 524 3515 ipsam
547 3437 595 3495 εει
618 3427 779 3514 copulam
802 3426 857 3492 bis
881 3426 1046 3513 scriptam
1073 3447 1148 3491 esse
1171 3424 1331 3492 videmus
1356 3425 1441 3491 (list.

270 3525 315 3600 34
337 3534 376 3601 in
399 3534 464 3599 131:
495 3532 572 3623 [εει]
610 3556 752 3621 aequam
776 3543 844 3615 εει;
879 3531 1004 3599 Pseud.
1030 3530 1117 3600 717:
1156 3534 1301 3599 allatast
1334 3533 1442 3617 modo]

269 3644 414 3710 aliataet
435 3643 533 3708 modo
556 3651 604 3709 εει
626 3641 666 3725 B,
689 3642 875 3708 alienatae
896 3643 994 3707 modo
1018 3651 1065 3709 εει
1083 3640 1155 3707 OD.
1200 3640 1390 3708 Praeterea
1413 3641 1445 3706 si

269 3749 435 3817 Plautum
448 3750 486 3816 in
503 3748 692 3829 sententiis
708 3748 873 3816 brevibus
887 3787 927 3797 -
941 3749 1032 3816 sicut
1044 3751 1185 3836 factam.
1201 3751 1263 3815 ita.
1279 3749 1377 3815 solva
1392 3769 1448 3815 rea

271 3879 432 3948 -saepe
444 3857 606 3946 copulam
622 3866 670 3926 εει
682 3856 842 3923 omisisse
858 3865 1072 3944 reputamus,
1095 3854 1187 3922 nibil
1210 3856 1337 3941 obstat,
1361 3855 1446 3941 quin

270 3966 449 4051 legamus:
486 3967 550 4032 Pol
572 3969 635 4035 etei
666 3977 777 4034 taceas
798 3966 918 4051 palam
950 3966 988 4030 id
1011 3966 1163 4050 quidem:
1198 3973 1246 4030 εει
1277 3986 1332 4031 rea
1367 3966 1446 4049 ipsa

233 4063 236 4071 ¹
271 4077 375 4143 testis.
421 4074 498 4153 Quo
521 4075 560 4142 in
583 4074 840 4142 sententiarum
864 4095 1000 4141 conexu
1022 4073 1169 4162 copulae
1183 4072 1317 4160 ellipsis
1342 4094 1383 4139 ea
1406 4093 1446 4137 re

272 4181 381 4249 etiam
395 4181 544 4268 levatur,
567 4182 660 4268 quod
677 4191 726 4250 εει
741 4182 956 4249 sententiam
973 4182 1095 4269 polam
1117 4183 1156 4247 id
1170 4182 1305 4265 quidem
1321 4178 1442 4245 statim

273 4288 415 4377 excipit.
462 4288 580 4376 Atque
613 4290 710 4355 totus
755 4289 854 4356 locus
888 4288 1002 4355 forma
1042 4299 1090 4356 εει
1125 4288 1226 4374 quasi
1264 4286 1444 4354 abundat:
