3359 5117
738 460 936 526 ..8-

250 659 477 728 adnotatione
494 660 538 725 ab
555 681 595 727 ec
610 666 824 726 memoratur
840 658 990 745 quidem,
1013 682 1084 727 nou
1100 660 1276 748 probatur.
1326 660 1423 729 Stolz

251 773 371 834 antem
394 773 431 833 et
454 765 623 851 Schmin,
647 767 708 852 qui
731 766 768 832 in
785 767 1046 833 Grammaticae
1069 766 1202 834 latinae
1218 789 1311 833 anno
1337 768 1426 835 1900
1537 758 1541 766 ’

252 874 370 942 editae
394 898 427 964 p.
454 875 495 942 98
530 875 735 941 brevissime
758 898 832 941 rem
868 874 1074 962 tetigerunt,
1106 883 1142 941 et
1165 885 1232 941 -uet
1263 884 1298 941 et
1322 886 1427 944 -rernet

249 1005 312 1071 per
342 983 543 1069 analogiam
574 981 707 1049 formae
731 991 807 1065 net,
840 1005 930 1069 quae
957 984 1035 1071 ipsa
1073 983 1220 1049 elisione
1251 984 1384 1050 vocalis
1408 1007 1425 1051 e

253 1099 331 1158 orta
355 1092 412 1177 sit,
435 1091 588 1158 formata
605 1114 682 1158 esse
698 1092 840 1177 volunt3
863 1092 900 1157 in
925 1115 992 1178 quo
1009 1113 1140 1176 eorum,
1164 1114 1253 1177 quae
1269 1092 1342 1157 Leo
1363 1091 1385 1158 l.
1403 1093 1425 1160 l.

252 1201 422 1288 exposuit,
457 1223 503 1266 ne
537 1200 752 1267 mentionem
789 1200 931 1285 quidem
965 1199 1111 1266 iaciunt.
1158 1200 1325 1267 Nostrum
1359 1200 1428 1266 erit

252 1306 424 1373 disserere
447 1321 565 1374 utrum
596 1308 673 1374 iure
695 1307 733 1373 hi
756 1308 826 1375 viri
851 1306 945 1374 docti
968 1307 1098 1374 Leonis
1122 1308 1364 1374 conclusiones
1386 1308 1426 1374 in

252 1414 460 1502 compendia
491 1415 649 1502 recipere
683 1414 926 1482 dubitaverint
960 1438 1081 1483 necne.
1144 1416 1245 1482 Anno
1275 1415 1427 1501 deniquo

254 1524 339 1588 1899
374 1523 412 1588 in
435 1522 656 1609 Philolcgiae
693 1523 861 1589 classicae
894 1523 1079 1589 annalibus
1113 1522 1181 1607 (ed.
1206 1519 1428 1608 Fleckeisen)

251 1630 395 1696 Ernesti
427 1629 534 1696 Diehl
568 1637 750 1714 tractatus,
783 1630 844 1716 qui
871 1642 924 1696 est
947 1633 989 1697 de
1011 1654 1045 1696 nr
1070 1633 1171 1718 finali
1195 1632 1426 1718 epigraphen,

252 1738 290 1803 in
305 1737 418 1804 lucem
436 1737 552 1803 editus
569 1744 634 1803 est.
681 1737 758 1815 Quo
782 1744 938 1803 tractatu
961 1738 999 1802 in
1014 1738 1193 1826 lapidibus
1210 1759 1272 1826 pro
1289 1760 1362 1803 -crn
1378 1745 1427 1803 ert

250 1867 440 1933 numquam
457 1853 569 1930 nnat,
593 1868 682 1931 quae
699 1844 877 1910 scribendi
892 1845 983 1911 ratio
1002 1868 1044 1912 ex
1060 1846 1161 1912 libris
1177 1845 1427 1932 manuscriptis

250 1954 289 2019 in
312 1960 469 2019 nostram
502 1953 791 2020 consuetudinem
824 1953 979 2037 transiit,
1013 1953 1075 2019 sed
1105 1961 1246 2040 praeter
1280 1975 1351 2018 -urn
1379 1960 1428 2017 eet

251 2060 342 2133 nihil
374 2061 445 2127 nisi
477 2078 548 2126 -cat
577 2061 746 2149 scriptum
782 2083 859 2126 esse
894 2061 1070 2128 docemur.
1102 2060 1181 2126 Nisi
1215 2058 1309 2147 quod
1340 2059 1427 2125 haec

252 2191 388 2257 quoque
412 2168 586 2257 scriptura
609 2169 787 2234 rarissime
803 2168 1003 2254 invenitur;
1028 2190 1089 2234 sex
1105 2168 1200 2234 enim
1216 2173 1354 2233 tanturn
1370 2167 1428 2232 vel

251 2285 386 2365 septem
403 2277 562 2364 exempla
578 2277 748 2342 Ernestus
765 2275 872 2342 Diehl
888 2277 910 2344 l.
928 2277 950 2342 l.
967 2299 1047 2364 pag.
1069 2276 1129 2341 117
1147 2276 1273 2341 afferre
1297 2274 1427 2362 potuit:

307 2403 337 2468 1.
361 2403 556 2470 Buecheler
579 2425 684 2471 carm.
715 2403 826 2491 epigr.
851 2404 868 2468 Ι
891 2403 1009 2487 848,2;

357 2510 573 2596 Adulescens,
598 2514 733 2577 tametsi
750 2533 920 2598 properus
945 2513 999 2577 ln'c
1023 2511 1236 2576 lenunculus

358 2626 456 2706 repat
479 2627 517 2684 nt
545 2622 761 2705 aruspicina,
797 2621 918 2686 deinde
950 2628 987 2686 nt
1016 2621 1103 2704 qnod
1132 2621 1296 2704 scriptaad
1326 2619 1427 2706 lepos.

359 2726 424 2791 Est
440 2748 581 2792 carmen
601 2725 791 2792 iambicum
807 2726 927 2793 Sullae
944 2726 1019 2793 iere
1035 2726 1180 2810 aetatis;
1196 2726 1427 2793 Vindobonae

359 2842 548 2922 repertum.
611 2834 783 2920 Congruit
827 2858 906 2901 curn
940 2835 1073 2901 Pacuvi
1116 2835 1373 2923 epigrammate
1408 2856 1429 2900 a

360 2940 476 3007 Gellio
500 2941 607 3026 124‚4
638 2940 791 3027 laudato,
814 2942 885 3007 nisi
910 2941 1003 3028 quod
1026 2941 1085 3008 hic
1101 2945 1266 3027 scriptum
1290 2950 1426 3008 estnon

360 3051 524 3136 scriptnet
545 3048 718 3114 traditum
743 3056 806 3115 est.

308 3175 339 3243 2.
365 3174 449 3241 OJL
473 3173 528 3239 III
554 3174 715 3257 leorae:
741 3177 813 3242 vita
833 3209 842 3227 ·
864 3178 973 3242 brevic
994 3210 1002 3226 ·
1023 3197 1100 3263 spes
1120 3209 1128 3226 ·
1146 3178 1244 3263 srapr'
1266 3173 1329 3264 llis
1351 3174 1429 3256 ven]

360 3285 406 3349 ite
435 3315 444 3333 ·
474 3290 649 3348 cccenenet
678 3318 687 3336 ·
716 3284 798 3349 dnm
823 3318 831 3334 ·
861 3286 948 3350 lucet
976 3320 984 3336 ·
1013 3286 1167 3350 bibamus
1195 3318 1203 3335 ·
1232 3284 1428 3351 sodales.—

275 3448 278 3453 .
361 3397 536 3457 accenseat
559 3389 634 3459 scil.
660 3392 782 3458 lumen.
807 3429 839 3439 -
873 3413 963 3459 saec.
988 3391 1016 3457 Ι.

253 3554 466 3567 ...-.--—

253 3628 361 3701 peritos
387 3624 484 3692 fuisse,
514 3626 555 3679 ita
582 3629 614 3680 ut
642 3625 772 3682 versibus
804 3625 889 3695 plane
921 3624 1035 3680 intactis
1067 3625 1192 3680 medelas
1223 3625 1430 3680 incertissimas

254 3718 398 3773 inculcare
417 3719 589 3771 conarentur
616 3715 755 3786 syllabam
781 3716 812 3768 in
837 3735 864 3769 -e
883 3720 1033 3770 exeuntem
1063 3715 1210 3771 elidentes.
1247 3715 1282 3769 In
1309 3719 1432 3786 quantos

255 3798 365 3863 errores
383 3806 556 3876 posteriores
575 3822 688 3877 quoque
708 3806 887 3876 grammatici
912 3804 1011 3860 eadem
1031 3823 1061 3860 re
1081 3806 1139 3860 sint
1157 3805 1282 3876 pellecti,
1312 3824 1345 3861 ex
1374 3806 1431 3860 illis

254 3897 382 3967 apparet,
402 3911 474 3966 quae
488 3893 606 3951 Servius
624 3894 660 3949 ad
674 3893 746 3950 Aen.
759 3893 817 3948 XII
831 3894 884 3950 709
898 3896 981 3949 Inter
999 3913 1029 3949 re
1049 3896 1151 3950 coiisse
1169 3896 1249 3950 viros
1269 3901 1295 3950 et
1316 3914 1432 3951 cernere

249 3986 339 4057 ferro
357 3983 491 4054 adnotat3
521 3985 552 4038 in
571 4002 655 4055 quem
674 4001 788 4040 versum
806 3985 925 4055 antiqua
950 3984 1112 4055 corruptela
1133 3986 1287 4040 decernere
1306 3985 1431 4057 irrepsit.

255 4077 348 4132 Docet
362 4072 479 4131 Servius
497 4076 630 4145 antiquos
649 4073 753 4145 legisse
770 4056 888 4130 vireret
922 4076 1094 4130 decernere:
1122 4076 1291 4147 posteritas,
1331 4075 1436 4146 inquit,

256 4167 349 4237 coepit
370 4166 465 4236 legere
484 4171 519 4233 ,et
539 4167 692 4219 decernere
706 4165 813 4233 ferro.‘
833 4168 987 4221 eecnndnm
1008 4183 1091 4236 qnam
1105 4167 1254 4221 lectionem
1272 4165 1432 4237 synalipba

256 4275 328 4327 opus
341 4262 390 4323 ert,
408 4256 459 4311 ced
473 4256 589 4311 excluso
602 4257 641 4325 ‚a‘,
660 4261 691 4309 nt
705 4256 743 4309 n't
764 4257 838 4323 ,viro
854 4263 880 4312 et
893 4257 1047 4312 decernere
1055 4256 1161 4325 ferro!
1175 4286 1208 4295 -
1219 4255 1297 4313 Nulli
1308 4255 1433 4325 denique

256 4346 320 4399 usui
340 4345 454 4398 suntin
474 4344 528 4399 hac
547 4363 578 4399 re
598 4343 793 4411 discernenda,
812 4363 886 4415 quae
906 4364 939 4400 ex
958 4344 1078 4401 Sisenna
1097 4346 1189 4400 attuli.
