<?xml version="1.0" encoding="UTF-8"?>
<!DOCTYPE html PUBLIC "-//W3C//DTD XHTML 1.0 Transitional//EN"
    "http://www.w3.org/TR/xhtml1/DTD/xhtml1-transitional.dtd">
<html xmlns="http://www.w3.org/1999/xhtml" xml:lang="en" lang="en">
 <head>
  <title>
</title>
<meta http-equiv="Content-Type" content="text/html;charset=utf-8" />
  <meta name='ocr-system' content='tesseract 3.04.00' />
  <meta name='ocr-capabilities' content='ocr_page ocr_carea ocr_par ocr_line ocrx_word'/>
</head>
<body>
  <div class='ocr_page' id='page_1' title='image "./decopulaeestaph00bringoog_0051.png"; bbox 0 0 3359 5117; ppageno 0'>
   <div class='ocr_carea' id='block_1_1' title="bbox 726 455 946 519">
    <p class='ocr_par' dir='ltr' id='par_1_1' title="bbox 726 455 946 519">
     <span class='ocr_line' id='line_1_1' title="bbox 726 455 946 519; baseline -0.014 -14"><span class='ocrx_word' id='word_1_1' title='bbox 726 494 763 506; x_wconf 92' lang='lat'><strong>..</strong></span> <span class='ocrx_word' id='word_1_2' title='bbox 814 455 946 519; x_wconf 78' lang='lat'><strong>45..</strong></span> 
     </span>
    </p>
   </div>
   <div class='ocr_carea' id='block_1_2' title="bbox 297 600 1379 865">
    <p class='ocr_par' dir='ltr' id='par_1_2' title="bbox 297 600 1379 865">
     <span class='ocr_line' id='line_1_2' title="bbox 297 600 1379 737; baseline 0 -19"><span class='ocrx_word' id='word_1_3' title='bbox 297 649 352 719; x_wconf 93' lang='lat' dir='ltr'><strong>lll.</strong></span> <span class='ocrx_word' id='word_1_4' title='bbox 399 650 450 720; x_wconf 86' lang='lat' dir='ltr'><strong>De</strong></span> <span class='ocrx_word' id='word_1_5' title='bbox 475 600 581 734; x_wconf 79' lang='lat' dir='ltr'><strong>,‚esl“</strong></span> <span class='ocrx_word' id='word_1_6' title='bbox 606 652 759 737; x_wconf 84' lang='lat' dir='ltr'><strong>copulae</strong></span> <span class='ocrx_word' id='word_1_7' title='bbox 783 654 869 737; x_wconf 88' lang='lat' dir='ltr'><strong>post</strong></span> <span class='ocrx_word' id='word_1_8' title='bbox 892 648 1071 734; x_wconf 83' lang='lat' dir='ltr'><strong>syllabam</strong></span> <span class='ocrx_word' id='word_1_9' title='bbox 1096 654 1210 731; x_wconf 84' lang='lat' dir='ltr'><strong>‚‚-us“</strong></span> <span class='ocrx_word' id='word_1_10' title='bbox 1234 649 1379 735; x_wconf 76' lang='lat' dir='ltr'><strong>positae</strong></span> 
     </span>
     <span class='ocr_line' id='line_1_3' title="bbox 737 777 944 865; baseline -0.014 -18"><span class='ocrx_word' id='word_1_11' title='bbox 737 777 944 865; x_wconf 84' lang='lat' dir='ltr'><strong>aphaeresl.</strong></span> 
     </span>
    </p>
   </div>
   <div class='ocr_carea' id='block_1_3' title="bbox 242 974 1425 3862">
    <p class='ocr_par' dir='ltr' id='par_1_3' title="bbox 244 974 1425 2781">
     <span class='ocr_line' id='line_1_4' title="bbox 359 974 1424 1064; baseline -0.003 -23"><span class='ocrx_word' id='word_1_12' title='bbox 359 976 472 1064; x_wconf 87' lang='lat' dir='ltr'><strong>Supra</strong></span> <span class='ocrx_word' id='word_1_13' title='bbox 496 977 566 1041; x_wconf 89' lang='lat' dir='ltr'><strong>iam</strong></span> <span class='ocrx_word' id='word_1_14' title='bbox 591 976 665 1042; x_wconf 84' lang='lat' dir='ltr'><strong>dixi</strong></span> <span class='ocrx_word' id='word_1_15' title='bbox 689 976 732 1042; x_wconf 88' lang='lat' dir='ltr'><strong>de</strong></span> <span class='ocrx_word' id='word_1_16' title='bbox 749 977 908 1063; x_wconf 83' lang='lat' dir='ltr'><strong>syllabae</strong></span> <span class='ocrx_word' id='word_1_17' title='bbox 930 997 985 1042; x_wconf 65' lang='lat' dir='ltr'><strong>aas</strong></span> <span class='ocrx_word' id='word_1_18' title='bbox 1008 997 1086 1042; x_wconf 88' lang='lat' dir='ltr'><strong>oum</strong></span> <span class='ocrx_word' id='word_1_19' title='bbox 1110 983 1160 1041; x_wconf 83' lang='lat' dir='ltr'><strong>cst</strong></span> <span class='ocrx_word' id='word_1_20' title='bbox 1182 974 1424 1042; x_wconf 88' lang='lat' dir='ltr'><strong>contractione</strong></span> 
     </span>
     <span class='ocr_line' id='line_1_5' title="bbox 251 1083 1423 1172; baseline -0.002 -23"><span class='ocrx_word' id='word_1_21' title='bbox 251 1083 406 1150; x_wconf 88' lang='lat' dir='ltr'><strong>Leonem</strong></span> <span class='ocrx_word' id='word_1_22' title='bbox 430 1084 685 1164; x_wconf 73' lang='lat' dir='ltr'><strong>Quaestionum</strong></span> <span class='ocrx_word' id='word_1_23' title='bbox 707 1085 952 1150; x_wconf 84' lang='lat' dir='ltr'><strong>Plautinarum</strong></span> <span class='ocrx_word' id='word_1_24' title='bbox 986 1106 1067 1172; x_wconf 85' lang='lat' dir='ltr'><strong>pag.</strong></span> <span class='ocrx_word' id='word_1_25' title='bbox 1092 1083 1157 1149; x_wconf 78' lang='lat'><strong>253</strong></span> <span class='ocrx_word' id='word_1_26' title='bbox 1181 1104 1257 1169; x_wconf 89' lang='lat' dir='ltr'><strong>sqq.</strong></span> <span class='ocrx_word' id='word_1_27' title='bbox 1281 1103 1423 1148; x_wconf 85' lang='lat' dir='ltr'><strong>accura-</strong></span> 
     </span>
     <span class='ocr_line' id='line_1_6' title="bbox 251 1190 1425 1278; baseline -0.001 -23"><span class='ocrx_word' id='word_1_28' title='bbox 251 1190 388 1257; x_wconf 89' lang='lat' dir='ltr'><strong>tissime</strong></span> <span class='ocrx_word' id='word_1_29' title='bbox 399 1192 515 1278; x_wconf 83' lang='lat' dir='ltr'><strong>egisse</strong></span> <span class='ocrx_word' id='word_1_30' title='bbox 528 1199 565 1257; x_wconf 88' lang='lat' dir='ltr'><strong>et</strong></span> <span class='ocrx_word' id='word_1_31' title='bbox 586 1192 733 1257; x_wconf 90' lang='lat' dir='ltr'><strong>eundem</strong></span> <span class='ocrx_word' id='word_1_32' title='bbox 750 1192 917 1258; x_wconf 88' lang='lat' dir='ltr'><strong>instituta</strong></span> <span class='ocrx_word' id='word_1_33' title='bbox 933 1190 1148 1278; x_wconf 88' lang='lat' dir='ltr'><strong>quaestione,</strong></span> <span class='ocrx_word' id='word_1_34' title='bbox 1172 1212 1261 1278; x_wconf 87' lang='lat' dir='ltr'><strong>quae</strong></span> <span class='ocrx_word' id='word_1_35' title='bbox 1285 1196 1349 1270; x_wconf 85' lang='lat' dir='ltr'><strong>est,</strong></span> <span class='ocrx_word' id='word_1_36' title='bbox 1372 1208 1425 1254; x_wconf 83' lang='lat' dir='ltr'><strong>-us</strong></span> 
     </span>
     <span class='ocr_line' id='line_1_7' title="bbox 251 1281 1423 1387; baseline 0.001 -24"><span class='ocrx_word' id='word_1_37' title='bbox 251 1308 298 1367; x_wconf 81' lang='lat' dir='ltr'><strong>est</strong></span> <span class='ocrx_word' id='word_1_38' title='bbox 314 1305 430 1365; x_wconf 87' lang='lat' dir='ltr'><strong>utrum</strong></span> <span class='ocrx_word' id='word_1_39' title='bbox 443 1323 505 1387; x_wconf 88' lang='lat' dir='ltr'><strong>per</strong></span> <span class='ocrx_word' id='word_1_40' title='bbox 528 1319 564 1362; x_wconf 79' lang='lat' dir='ltr'><strong>-u</strong></span> <span class='ocrx_word' id='word_1_41' title='bbox 580 1310 628 1367; x_wconf 83' lang='lat' dir='ltr'><strong>est</strong></span> <span class='ocrx_word' id='word_1_42' title='bbox 644 1322 689 1365; x_wconf 85' lang='lat' dir='ltr'><strong>an</strong></span> <span class='ocrx_word' id='word_1_43' title='bbox 702 1322 763 1387; x_wconf 90' lang='lat' dir='ltr'><strong>per</strong></span> <span class='ocrx_word' id='word_1_44' title='bbox 779 1321 833 1366; x_wconf 82' lang='lat' dir='ltr'><strong>-as</strong></span> <span class='ocrx_word' id='word_1_45' title='bbox 848 1308 880 1366; x_wconf 82' lang='lat' dir='ltr'><strong>at</strong></span> <span class='ocrx_word' id='word_1_46' title='bbox 894 1300 933 1365; x_wconf 90' lang='lat' dir='ltr'><strong>in</strong></span> <span class='ocrx_word' id='word_1_47' title='bbox 945 1281 1012 1366; x_wconf 73' lang='lat' dir='ltr'><strong>-ust</strong></span> <span class='ocrx_word' id='word_1_48' title='bbox 1026 1298 1220 1377; x_wconf 88' lang='lat' dir='ltr'><strong>transierit,</strong></span> <span class='ocrx_word' id='word_1_49' title='bbox 1245 1319 1286 1363; x_wconf 89' lang='lat' dir='ltr'><strong>eo</strong></span> <span class='ocrx_word' id='word_1_50' title='bbox 1299 1301 1423 1385; x_wconf 87' lang='lat' dir='ltr'><strong>perve-</strong></span> 
     </span>
     <span class='ocr_line' id='line_1_8' title="bbox 248 1392 1422 1495; baseline 0 -23"><span class='ocrx_word' id='word_1_51' title='bbox 248 1405 354 1491; x_wconf 89' lang='lat' dir='ltr'><strong>nisse,</strong></span> <span class='ocrx_word' id='word_1_52' title='bbox 377 1413 417 1472; x_wconf 90' lang='lat' dir='ltr'><strong>ut</strong></span> <span class='ocrx_word' id='word_1_53' title='bbox 441 1427 476 1471; x_wconf 78' lang='lat' dir='ltr'><strong>-u</strong></span> <span class='ocrx_word' id='word_1_54' title='bbox 502 1416 551 1474; x_wconf 83' lang='lat' dir='ltr'><strong>est</strong></span> <span class='ocrx_word' id='word_1_55' title='bbox 576 1407 670 1474; x_wconf 85' lang='lat' dir='ltr'><strong>inter</strong></span> <span class='ocrx_word' id='word_1_56' title='bbox 694 1429 747 1473; x_wconf 84' lang='lat' dir='ltr'><strong>-us</strong></span> <span class='ocrx_word' id='word_1_57' title='bbox 771 1417 820 1474; x_wconf 82' lang='lat' dir='ltr'><strong>est</strong></span> <span class='ocrx_word' id='word_1_58' title='bbox 836 1413 872 1472; x_wconf 89' lang='lat' dir='ltr'><strong>et</strong></span> <span class='ocrx_word' id='word_1_59' title='bbox 888 1392 1169 1495; x_wconf 41' lang='lat' dir='ltr'><strong>-ust&#39;ponandum</strong></span> <span class='ocrx_word' id='word_1_60' title='bbox 1186 1427 1261 1471; x_wconf 88' lang='lat' dir='ltr'><strong>esse</strong></span> <span class='ocrx_word' id='word_1_61' title='bbox 1277 1403 1422 1472; x_wconf 85' lang='lat' dir='ltr'><strong>diceret.</strong></span> 
     </span>
     <span class='ocr_line' id='line_1_9' title="bbox 250 1511 1423 1603; baseline -0.001 -24"><span class='ocrx_word' id='word_1_62' title='bbox 250 1511 361 1589; x_wconf 83' lang='lat' dir='ltr'><strong>Quem</strong></span> <span class='ocrx_word' id='word_1_63' title='bbox 385 1523 550 1581; x_wconf 88' lang='lat' dir='ltr'><strong>eventum</strong></span> <span class='ocrx_word' id='word_1_64' title='bbox 575 1514 686 1603; x_wconf 90' lang='lat' dir='ltr'><strong>primo</strong></span> <span class='ocrx_word' id='word_1_65' title='bbox 722 1516 848 1582; x_wconf 88' lang='lat' dir='ltr'><strong>obtutu</strong></span> <span class='ocrx_word' id='word_1_66' title='bbox 882 1513 1096 1597; x_wconf 87' lang='lat' dir='ltr'><strong>mirabimur,</strong></span> <span class='ocrx_word' id='word_1_67' title='bbox 1128 1535 1207 1581; x_wconf 92' lang='lat' dir='ltr'><strong>cum</strong></span> <span class='ocrx_word' id='word_1_68' title='bbox 1240 1511 1334 1578; x_wconf 90' lang='lat' dir='ltr'><strong>idem</strong></span> <span class='ocrx_word' id='word_1_69' title='bbox 1367 1512 1423 1578; x_wconf 90' lang='lat' dir='ltr'><strong>vir</strong></span> 
     </span>
     <span class='ocr_line' id='line_1_10' title="bbox 249 1609 1423 1709; baseline 0.002 -25"><span class='ocrx_word' id='word_1_70' title='bbox 249 1618 472 1688; x_wconf 86' lang='lat' dir='ltr'><strong>doctissimus</strong></span> <span class='ocrx_word' id='word_1_71' title='bbox 509 1623 560 1688; x_wconf 91' lang='lat' dir='ltr'><strong>ita</strong></span> <span class='ocrx_word' id='word_1_72' title='bbox 583 1623 717 1689; x_wconf 88' lang='lat' dir='ltr'><strong>iudicet</strong></span> <span class='ocrx_word' id='word_1_73' title='bbox 750 1631 800 1707; x_wconf 89' lang='lat' dir='ltr'><strong>ut,</strong></span> <span class='ocrx_word' id='word_1_74' title='bbox 836 1645 915 1689; x_wconf 88' lang='lat' dir='ltr'><strong>cum</strong></span> <span class='ocrx_word' id='word_1_75' title='bbox 947 1646 994 1688; x_wconf 81' lang='lat' dir='ltr'><strong>-or</strong></span> <span class='ocrx_word' id='word_1_76' title='bbox 1032 1621 1155 1688; x_wconf 85' lang='lat' dir='ltr'><strong>littera</strong></span> <span class='ocrx_word' id='word_1_77' title='bbox 1193 1621 1339 1709; x_wconf 86' lang='lat' dir='ltr'><strong>copulae</strong></span> <span class='ocrx_word' id='word_1_78' title='bbox 1362 1609 1423 1686; x_wconf 64' lang='lat' dir='ltr'><strong>‘est</strong></span> 
     </span>
     <span class='ocr_line' id='line_1_11' title="bbox 247 1729 1422 1816; baseline 0.001 -25"><span class='ocrx_word' id='word_1_79' title='bbox 247 1729 489 1813; x_wconf 86' lang='lat' dir='ltr'><strong>antecesserit,</strong></span> <span class='ocrx_word' id='word_1_80' title='bbox 523 1752 570 1794; x_wconf 82' lang='lat' dir='ltr'><strong>-or</strong></span> <span class='ocrx_word' id='word_1_81' title='bbox 603 1737 788 1813; x_wconf 87' lang='lat' dir='ltr'><strong>servatam,</strong></span> <span class='ocrx_word' id='word_1_82' title='bbox 824 1729 1013 1797; x_wconf 87' lang='lat' dir='ltr'><strong>eeieotam</strong></span> <span class='ocrx_word' id='word_1_83' title='bbox 1049 1750 1125 1793; x_wconf 86' lang='lat' dir='ltr'><strong>asse</strong></span> <span class='ocrx_word' id='word_1_84' title='bbox 1159 1735 1282 1816; x_wconf 85' lang='lat' dir='ltr'><strong>putet;</strong></span> <span class='ocrx_word' id='word_1_85' title='bbox 1317 1749 1422 1813; x_wconf 90' lang='lat' dir='ltr'><strong>quam</strong></span> 
     </span>
     <span class='ocr_line' id='line_1_12' title="bbox 248 1836 1419 1925; baseline 0.002 -27"><span class='ocrx_word' id='word_1_86' title='bbox 248 1836 461 1920; x_wconf 86' lang='lat' dir='ltr'><strong>sententiam</strong></span> <span class='ocrx_word' id='word_1_87' title='bbox 486 1838 604 1925; x_wconf 88' lang='lat' dir='ltr'><strong>priore</strong></span> <span class='ocrx_word' id='word_1_88' title='bbox 629 1838 745 1924; x_wconf 88' lang='lat' dir='ltr'><strong>capite</strong></span> <span class='ocrx_word' id='word_1_89' title='bbox 770 1859 837 1923; x_wconf 86' lang='lat' dir='ltr'><strong>ego</strong></span> <span class='ocrx_word' id='word_1_90' title='bbox 855 1858 992 1924; x_wconf 88' lang='lat' dir='ltr'><strong>quoque</strong></span> <span class='ocrx_word' id='word_1_91' title='bbox 1004 1836 1153 1925; x_wconf 86' lang='lat' dir='ltr'><strong>probare</strong></span> <span class='ocrx_word' id='word_1_92' title='bbox 1169 1842 1316 1901; x_wconf 87' lang='lat' dir='ltr'><strong>conatus</strong></span> <span class='ocrx_word' id='word_1_93' title='bbox 1332 1857 1419 1900; x_wconf 91' lang='lat' dir='ltr'><strong>sum.</strong></span> 
     </span>
     <span class='ocr_line' id='line_1_13' title="bbox 246 1935 1421 2031; baseline 0.001 -25"><span class='ocrx_word' id='word_1_94' title='bbox 246 1941 359 2008; x_wconf 86' lang='lat' dir='ltr'><strong>Recte</strong></span> <span class='ocrx_word' id='word_1_95' title='bbox 385 1943 529 2029; x_wconf 88' lang='lat' dir='ltr'><strong>quidem</strong></span> <span class='ocrx_word' id='word_1_96' title='bbox 552 1945 624 2012; x_wconf 82' lang='lat' dir='ltr'><strong>Leo</strong></span> <span class='ocrx_word' id='word_1_97' title='bbox 663 1944 809 2010; x_wconf 87' lang='lat' dir='ltr'><strong>eandem</strong></span> <span class='ocrx_word' id='word_1_98' title='bbox 833 1944 1164 2031; x_wconf 87' lang='lat' dir='ltr'><strong>interpretationem</strong></span> <span class='ocrx_word' id='word_1_99' title='bbox 1198 1941 1281 2009; x_wconf 89' lang='lat' dir='ltr'><strong>huic</strong></span> <span class='ocrx_word' id='word_1_100' title='bbox 1314 1935 1421 2028; x_wconf 84' lang='lat' dir='ltr'><strong>atque</strong></span> 
     </span>
     <span class='ocr_line' id='line_1_14' title="bbox 245 2048 1421 2139; baseline 0.003 -26"><span class='ocrx_word' id='word_1_101' title='bbox 245 2048 299 2114; x_wconf 89' lang='lat' dir='ltr'><strong>illi</strong></span> <span class='ocrx_word' id='word_1_102' title='bbox 323 2050 376 2115; x_wconf 87' lang='lat' dir='ltr'><strong>rei</strong></span> <span class='ocrx_word' id='word_1_103' title='bbox 399 2052 647 2138; x_wconf 74' lang='lat' dir='ltr'><strong>postulandam</strong></span> <span class='ocrx_word' id='word_1_104' title='bbox 672 2075 749 2118; x_wconf 89' lang='lat' dir='ltr'><strong>esse</strong></span> <span class='ocrx_word' id='word_1_105' title='bbox 772 2060 892 2139; x_wconf 82' lang='lat' dir='ltr'><strong>negat,</strong></span> <span class='ocrx_word' id='word_1_106' title='bbox 927 2074 1006 2118; x_wconf 88' lang='lat' dir='ltr'><strong>cam</strong></span> <span class='ocrx_word' id='word_1_107' title='bbox 1028 2074 1075 2117; x_wconf 59' lang='lat' dir='ltr'><strong>«m</strong></span> <span class='ocrx_word' id='word_1_108' title='bbox 1099 2057 1135 2117; x_wconf 89' lang='lat' dir='ltr'><strong>et</strong></span> <span class='ocrx_word' id='word_1_109' title='bbox 1158 2073 1191 2116; x_wconf 81' lang='lat' dir='ltr'><strong>·s</strong></span> <span class='ocrx_word' id='word_1_110' title='bbox 1212 2049 1335 2134; x_wconf 80' lang='lat' dir='ltr'><strong>finales</strong></span> <span class='ocrx_word' id='word_1_111' title='bbox 1359 2072 1421 2116; x_wconf 90' lang='lat' dir='ltr'><strong>na·</strong></span> 
     </span>
     <span class='ocr_line' id='line_1_15' title="bbox 245 2157 1422 2241; baseline 0.003 -21"><span class='ocrx_word' id='word_1_112' title='bbox 245 2163 326 2222; x_wconf 87' lang='lat' dir='ltr'><strong>tura</strong></span> <span class='ocrx_word' id='word_1_113' title='bbox 348 2157 482 2224; x_wconf 83' lang='lat' dir='ltr'><strong>suerint</strong></span> <span class='ocrx_word' id='word_1_114' title='bbox 505 2157 677 2227; x_wconf 88' lang='lat' dir='ltr'><strong>diversae.</strong></span> <span class='ocrx_word' id='word_1_115' title='bbox 723 2159 893 2225; x_wconf 76' lang='lat' dir='ltr'><strong>Attamen</strong></span> <span class='ocrx_word' id='word_1_116' title='bbox 926 2159 1052 2224; x_wconf 87' lang='lat' dir='ltr'><strong>merito</strong></span> <span class='ocrx_word' id='word_1_117' title='bbox 1086 2157 1304 2241; x_wconf 80' lang='lat' dir='ltr'><strong>miraremur,</strong></span> <span class='ocrx_word' id='word_1_118' title='bbox 1338 2157 1370 2222; x_wconf 90' lang='lat' dir='ltr'><strong>si</strong></span> <span class='ocrx_word' id='word_1_119' title='bbox 1392 2180 1422 2224; x_wconf 79' lang='lat' dir='ltr'><strong>-s</strong></span> 
     </span>
     <span class='ocr_line' id='line_1_16' title="bbox 245 2263 1420 2354; baseline 0.003 -26"><span class='ocrx_word' id='word_1_120' title='bbox 245 2263 372 2348; x_wconf 87' lang='lat' dir='ltr'><strong>finalis,</strong></span> <span class='ocrx_word' id='word_1_121' title='bbox 405 2266 536 2354; x_wconf 89' lang='lat' dir='ltr'><strong>quippe</strong></span> <span class='ocrx_word' id='word_1_122' title='bbox 559 2288 649 2352; x_wconf 87' lang='lat' dir='ltr'><strong>quaa</strong></span> <span class='ocrx_word' id='word_1_123' title='bbox 679 2288 750 2332; x_wconf 90' lang='lat' dir='ltr'><strong>non</strong></span> <span class='ocrx_word' id='word_1_124' title='bbox 772 2273 847 2331; x_wconf 90' lang='lat' dir='ltr'><strong>tam</strong></span> <span class='ocrx_word' id='word_1_125' title='bbox 879 2265 985 2332; x_wconf 88' lang='lat' dir='ltr'><strong>facile</strong></span> <span class='ocrx_word' id='word_1_126' title='bbox 1021 2263 1210 2351; x_wconf 84' lang='lat' dir='ltr'><strong>elideretur</strong></span> <span class='ocrx_word' id='word_1_127' title='bbox 1234 2286 1338 2349; x_wconf 87' lang='lat' dir='ltr'><strong>quam</strong></span> <span class='ocrx_word' id='word_1_128' title='bbox 1362 2288 1420 2350; x_wconf 81' lang='lat' dir='ltr'><strong>-rn,</strong></span> 
     </span>
     <span class='ocr_line' id='line_1_17' title="bbox 244 2369 1421 2459; baseline 0.001 -23"><span class='ocrx_word' id='word_1_129' title='bbox 244 2369 310 2437; x_wconf 87' lang='lat' dir='ltr'><strong>hac</strong></span> <span class='ocrx_word' id='word_1_130' title='bbox 334 2371 540 2440; x_wconf 87' lang='lat' dir='ltr'><strong>condicione</strong></span> <span class='ocrx_word' id='word_1_131' title='bbox 564 2374 776 2459; x_wconf 84' lang='lat' dir='ltr'><strong>evanuisset,</strong></span> <span class='ocrx_word' id='word_1_132' title='bbox 810 2396 890 2440; x_wconf 89' lang='lat' dir='ltr'><strong>oum</strong></span> <span class='ocrx_word' id='word_1_133' title='bbox 913 2381 1033 2439; x_wconf 87' lang='lat' dir='ltr'><strong>tamen</strong></span> <span class='ocrx_word' id='word_1_134' title='bbox 1055 2395 1101 2439; x_wconf 68' lang='lat' dir='ltr'><strong>en</strong></span> <span class='ocrx_word' id='word_1_135' title='bbox 1125 2372 1238 2439; x_wconf 87' lang='lat' dir='ltr'><strong>eiecta</strong></span> <span class='ocrx_word' id='word_1_136' title='bbox 1274 2372 1421 2459; x_wconf 79' lang='lat' dir='ltr'><strong>copulae</strong></span> 
     </span>
     <span class='ocr_line' id='line_1_18' title="bbox 245 2478 1420 2574; baseline 0.002 -32"><span class='ocrx_word' id='word_1_137' title='bbox 245 2478 425 2564; x_wconf 88' lang='lat' dir='ltr'><strong>sequentis</strong></span> <span class='ocrx_word' id='word_1_138' title='bbox 459 2481 574 2547; x_wconf 90' lang='lat' dir='ltr'><strong>vocali</strong></span> <span class='ocrx_word' id='word_1_139' title='bbox 607 2491 749 2548; x_wconf 89' lang='lat' dir='ltr'><strong>servata</strong></span> <span class='ocrx_word' id='word_1_140' title='bbox 784 2487 887 2548; x_wconf 89' lang='lat' dir='ltr'><strong>esset.</strong></span> <span class='ocrx_word' id='word_1_141' title='bbox 935 2481 1052 2546; x_wconf 88' lang='lat' dir='ltr'><strong>Minus</strong></span> <span class='ocrx_word' id='word_1_142' title='bbox 1087 2480 1195 2574; x_wconf 86' lang='lat' dir='ltr'><strong>etiam</strong></span> <span class='ocrx_word' id='word_1_143' title='bbox 1227 2478 1420 2568; x_wconf 87' lang='lat' dir='ltr'><strong>probabilis</strong></span> 
     </span>
     <span class='ocr_line' id='line_1_19' title="bbox 246 2586 1422 2676; baseline 0.003 -26"><span class='ocrx_word' id='word_1_144' title='bbox 246 2606 322 2651; x_wconf 90' lang='lat' dir='ltr'><strong>esse</strong></span> <span class='ocrx_word' id='word_1_145' title='bbox 346 2587 524 2653; x_wconf 87' lang='lat' dir='ltr'><strong>sententia</strong></span> <span class='ocrx_word' id='word_1_146' title='bbox 547 2588 610 2654; x_wconf 91' lang='lat' dir='ltr'><strong>illa</strong></span> <span class='ocrx_word' id='word_1_147' title='bbox 633 2588 774 2655; x_wconf 88' lang='lat' dir='ltr'><strong>videtur</strong></span> <span class='ocrx_word' id='word_1_148' title='bbox 790 2594 988 2676; x_wconf 88' lang='lat' dir='ltr'><strong>propterea,</strong></span> <span class='ocrx_word' id='word_1_149' title='bbox 1012 2588 1104 2673; x_wconf 93' lang='lat' dir='ltr'><strong>quod</strong></span> <span class='ocrx_word' id='word_1_150' title='bbox 1128 2610 1158 2654; x_wconf 85' lang='lat' dir='ltr'><strong>·a</strong></span> <span class='ocrx_word' id='word_1_151' title='bbox 1179 2586 1336 2654; x_wconf 85' lang='lat' dir='ltr'><strong>litteram</strong></span> <span class='ocrx_word' id='word_1_152' title='bbox 1360 2608 1422 2654; x_wconf 89' lang='lat' dir='ltr'><strong>vo-</strong></span> 
     </span>
     <span class='ocr_line' id='line_1_20' title="bbox 244 2692 1258 2781; baseline 0.004 -24"><span class='ocrx_word' id='word_1_153' title='bbox 244 2692 331 2759; x_wconf 87' lang='lat' dir='ltr'><strong>calis</strong></span> <span class='ocrx_word' id='word_1_154' title='bbox 355 2694 525 2780; x_wconf 88' lang='lat' dir='ltr'><strong>sequitur,</strong></span> <span class='ocrx_word' id='word_1_155' title='bbox 549 2701 633 2761; x_wconf 87' lang='lat' dir='ltr'><strong>aute</strong></span> <span class='ocrx_word' id='word_1_156' title='bbox 657 2717 762 2781; x_wconf 88' lang='lat' dir='ltr'><strong>quam</strong></span> <span class='ocrx_word' id='word_1_157' title='bbox 786 2696 929 2762; x_wconf 89' lang='lat' dir='ltr'><strong>omnino</strong></span> <span class='ocrx_word' id='word_1_158' title='bbox 953 2695 1089 2761; x_wconf 89' lang='lat' dir='ltr'><strong>servari</strong></span> <span class='ocrx_word' id='word_1_159' title='bbox 1112 2695 1258 2763; x_wconf 83' lang='lat' dir='ltr'><strong>solebat.</strong></span> 
     </span>
    </p>

    <p class='ocr_par' dir='ltr' id='par_1_4' title="bbox 242 2801 1422 3862">
     <span class='ocr_line' id='line_1_21' title="bbox 352 2801 1419 2891; baseline 0.003 -24"><span class='ocrx_word' id='word_1_160' title='bbox 352 2801 422 2868; x_wconf 89' lang='lat' dir='ltr'><strong>Sed</strong></span> <span class='ocrx_word' id='word_1_161' title='bbox 454 2802 568 2890; x_wconf 88' lang='lat' dir='ltr'><strong>ipsam</strong></span> <span class='ocrx_word' id='word_1_162' title='bbox 602 2803 732 2869; x_wconf 88' lang='lat' dir='ltr'><strong>Leonis</strong></span> <span class='ocrx_word' id='word_1_163' title='bbox 767 2803 1114 2889; x_wconf 83' lang='lat' dir='ltr'><strong>argumentationem</strong></span> <span class='ocrx_word' id='word_1_164' title='bbox 1148 2811 1419 2891; x_wconf 87' lang='lat' dir='ltr'><strong>perscrutemur.</strong></span> 
     </span>
     <span class='ocr_line' id='line_1_22' title="bbox 245 2907 1421 3000; baseline 0.005 -28"><span class='ocrx_word' id='word_1_165' title='bbox 245 2907 395 2975; x_wconf 89' lang='lat' dir='ltr'><strong>Materia</strong></span> <span class='ocrx_word' id='word_1_166' title='bbox 427 2909 521 2976; x_wconf 90' lang='lat' dir='ltr'><strong>enim</strong></span> <span class='ocrx_word' id='word_1_167' title='bbox 557 2911 758 2977; x_wconf 87' lang='lat' dir='ltr'><strong>examinata</strong></span> <span class='ocrx_word' id='word_1_168' title='bbox 792 2911 1069 2978; x_wconf 88' lang='lat' dir='ltr'><strong>contractionem</strong></span> <span class='ocrx_word' id='word_1_169' title='bbox 1101 2910 1179 2977; x_wconf 90' lang='lat' dir='ltr'><strong>fieri</strong></span> <span class='ocrx_word' id='word_1_170' title='bbox 1212 2932 1284 2978; x_wconf 91' lang='lat' dir='ltr'><strong>non</strong></span> <span class='ocrx_word' id='word_1_171' title='bbox 1318 2934 1421 3000; x_wconf 90' lang='lat' dir='ltr'><strong>posse</strong></span> 
     </span>
     <span class='ocr_line' id='line_1_23' title="bbox 245 3015 1422 3105; baseline 0.003 -24"><span class='ocrx_word' id='word_1_172' title='bbox 245 3015 354 3096; x_wconf 88' lang='lat' dir='ltr'><strong>videt,</strong></span> <span class='ocrx_word' id='word_1_173' title='bbox 383 3017 454 3083; x_wconf 88' lang='lat' dir='ltr'><strong>nisi</strong></span> <span class='ocrx_word' id='word_1_174' title='bbox 477 3018 621 3103; x_wconf 86' lang='lat' dir='ltr'><strong>vocalis,</strong></span> <span class='ocrx_word' id='word_1_175' title='bbox 656 3019 716 3105; x_wconf 84' lang='lat' dir='ltr'><strong>qui</strong></span> <span class='ocrx_word' id='word_1_176' title='bbox 746 3042 775 3085; x_wconf 84' lang='lat' dir='ltr'><strong>·s</strong></span> <span class='ocrx_word' id='word_1_177' title='bbox 808 3020 951 3084; x_wconf 88' lang='lat' dir='ltr'><strong>litterae</strong></span> <span class='ocrx_word' id='word_1_178' title='bbox 986 3017 1185 3104; x_wconf 86' lang='lat' dir='ltr'><strong>antecedat,</strong></span> <span class='ocrx_word' id='word_1_179' title='bbox 1220 3017 1339 3105; x_wconf 86' lang='lat' dir='ltr'><strong>brevis</strong></span> <span class='ocrx_word' id='word_1_180' title='bbox 1374 3020 1422 3085; x_wconf 88' lang='lat' dir='ltr'><strong>sit</strong></span> 
     </span>
     <span class='ocr_line' id='line_1_24' title="bbox 245 3124 1421 3215; baseline 0.004 -27"><span class='ocrx_word' id='word_1_181' title='bbox 245 3125 338 3211; x_wconf 85' lang='lat' dir='ltr'><strong>(pag.</strong></span> <span class='ocrx_word' id='word_1_182' title='bbox 374 3124 473 3209; x_wconf 74' lang='lat'><strong>254),</strong></span> <span class='ocrx_word' id='word_1_183' title='bbox 506 3135 690 3215; x_wconf 82' lang='lat' dir='ltr'><strong>praeterea</strong></span> <span class='ocrx_word' id='word_1_184' title='bbox 725 3126 838 3192; x_wconf 91' lang='lat' dir='ltr'><strong>nihilo</strong></span> <span class='ocrx_word' id='word_1_185' title='bbox 873 3125 987 3210; x_wconf 84' lang='lat' dir='ltr'><strong>magis</strong></span> <span class='ocrx_word' id='word_1_186' title='bbox 1022 3124 1172 3192; x_wconf 80' lang='lat' dir='ltr'><strong>formam</strong></span> <span class='ocrx_word' id='word_1_187' title='bbox 1204 3129 1329 3211; x_wconf 79' lang='lat' dir='ltr'><strong>pietaet</strong></span> <span class='ocrx_word' id='word_1_188' title='bbox 1362 3129 1421 3194; x_wconf 85' lang='lat' dir='ltr'><strong>vel</strong></span> 
     </span>
     <span class='ocr_line' id='line_1_25' title="bbox 242 3232 1419 3321; baseline 0.003 -23"><span class='ocrx_word' id='word_1_189' title='bbox 242 3237 375 3313; x_wconf 78' lang='lat' dir='ltr'><strong>pariesr</strong></span> <span class='ocrx_word' id='word_1_190' title='bbox 398 3254 502 3318; x_wconf 89' lang='lat' dir='ltr'><strong>quam</strong></span> <span class='ocrx_word' id='word_1_191' title='bbox 527 3244 638 3318; x_wconf 78' lang='lat' dir='ltr'><strong>opacat</strong></span> <span class='ocrx_word' id='word_1_192' title='bbox 660 3234 717 3301; x_wconf 90' lang='lat' dir='ltr'><strong>vel</strong></span> <span class='ocrx_word' id='word_1_193' title='bbox 741 3236 847 3319; x_wconf 85' lang='lat' dir='ltr'><strong>lapist</strong></span> <span class='ocrx_word' id='word_1_194' title='bbox 870 3233 1049 3320; x_wconf 80' lang='lat' dir='ltr'><strong>inveniri3</strong></span> <span class='ocrx_word' id='word_1_195' title='bbox 1071 3232 1219 3321; x_wconf 87' lang='lat' dir='ltr'><strong>perinde</strong></span> <span class='ocrx_word' id='word_1_196' title='bbox 1243 3234 1354 3321; x_wconf 84' lang='lat' dir='ltr'><strong>igitur</strong></span> <span class='ocrx_word' id='word_1_197' title='bbox 1377 3256 1419 3301; x_wconf 88' lang='lat' dir='ltr'><strong>ao</strong></span> 
     </span>
     <span class='ocr_line' id='line_1_26' title="bbox 243 3338 1420 3430; baseline 0.004 -26"><span class='ocrx_word' id='word_1_198' title='bbox 243 3339 360 3405; x_wconf 91' lang='lat' dir='ltr'><strong>vocali</strong></span> <span class='ocrx_word' id='word_1_199' title='bbox 382 3338 491 3427; x_wconf 86' lang='lat' dir='ltr'><strong>longa</strong></span> <span class='ocrx_word' id='word_1_200' title='bbox 515 3363 556 3408; x_wconf 91' lang='lat' dir='ltr'><strong>ea</strong></span> <span class='ocrx_word' id='word_1_201' title='bbox 581 3364 718 3429; x_wconf 88' lang='lat' dir='ltr'><strong>quoque</strong></span> <span class='ocrx_word' id='word_1_202' title='bbox 753 3365 792 3408; x_wconf 90' lang='lat' dir='ltr'><strong>re</strong></span> <span class='ocrx_word' id='word_1_203' title='bbox 825 3339 1078 3430; x_wconf 84' lang='lat' dir='ltr'><strong>synaloepham</strong></span> <span class='ocrx_word' id='word_1_204' title='bbox 1114 3341 1305 3429; x_wconf 86' lang='lat' dir='ltr'><strong>prohiberi,</strong></span> <span class='ocrx_word' id='word_1_205' title='bbox 1337 3343 1367 3408; x_wconf 89' lang='lat' dir='ltr'><strong>si</strong></span> <span class='ocrx_word' id='word_1_206' title='bbox 1391 3368 1420 3409; x_wconf 83' lang='lat' dir='ltr'><strong>-a</strong></span> 
     </span>
     <span class='ocr_line' id='line_1_27' title="bbox 244 3445 1419 3539; baseline 0.009 -29"><span class='ocrx_word' id='word_1_207' title='bbox 244 3466 287 3511; x_wconf 86' lang='lat' dir='ltr'><strong>ex</strong></span> <span class='ocrx_word' id='word_1_208' title='bbox 326 3445 460 3515; x_wconf 87' lang='lat' dir='ltr'><strong>duabus</strong></span> <span class='ocrx_word' id='word_1_209' title='bbox 498 3449 630 3515; x_wconf 85' lang='lat' dir='ltr'><strong>litteris</strong></span> <span class='ocrx_word' id='word_1_210' title='bbox 666 3452 778 3536; x_wconf 79' lang='lat' dir='ltr'><strong>(lapid</strong></span> <span class='ocrx_word' id='word_1_211' title='bbox 800 3472 833 3516; x_wconf 83' lang='lat' dir='ltr'><strong>·c</strong></span> <span class='ocrx_word' id='word_1_212' title='bbox 857 3456 893 3515; x_wconf 89' lang='lat' dir='ltr'><strong>et</strong></span> <span class='ocrx_word' id='word_1_213' title='bbox 916 3448 1008 3533; x_wconf 75' lang='lat' dir='ltr'><strong>sim.)</strong></span> <span class='ocrx_word' id='word_1_214' title='bbox 1047 3456 1124 3515; x_wconf 86' lang='lat' dir='ltr'><strong>orta</strong></span> <span class='ocrx_word' id='word_1_215' title='bbox 1163 3450 1211 3516; x_wconf 89' lang='lat' dir='ltr'><strong>sit</strong></span> <span class='ocrx_word' id='word_1_216' title='bbox 1246 3456 1292 3539; x_wconf 88' lang='lat' dir='ltr'><strong>(p.</strong></span> <span class='ocrx_word' id='word_1_217' title='bbox 1328 3450 1419 3534; x_wconf 77' lang='lat'><strong>256).</strong></span> 
     </span>
     <span class='ocr_line' id='line_1_28' title="bbox 244 3552 1419 3651; baseline 0.007 -32"><span class='ocrx_word' id='word_1_218' title='bbox 244 3552 379 3631; x_wconf 80' lang='lat' dir='ltr'><strong>Quibus</strong></span> <span class='ocrx_word' id='word_1_219' title='bbox 403 3577 446 3622; x_wconf 87' lang='lat' dir='ltr'><strong>ex</strong></span> <span class='ocrx_word' id='word_1_220' title='bbox 468 3557 573 3624; x_wconf 87' lang='lat' dir='ltr'><strong>rebus</strong></span> <span class='ocrx_word' id='word_1_221' title='bbox 597 3557 706 3625; x_wconf 91' lang='lat' dir='ltr'><strong>efficit</strong></span> <span class='ocrx_word' id='word_1_222' title='bbox 728 3558 811 3642; x_wconf 90' lang='lat' dir='ltr'><strong>Leo,</strong></span> <span class='ocrx_word' id='word_1_223' title='bbox 844 3564 886 3624; x_wconf 89' lang='lat' dir='ltr'><strong>ut</strong></span> <span class='ocrx_word' id='word_1_224' title='bbox 907 3556 1067 3645; x_wconf 87' lang='lat' dir='ltr'><strong>ineptum</strong></span> <span class='ocrx_word' id='word_1_225' title='bbox 1102 3557 1150 3623; x_wconf 91' lang='lat' dir='ltr'><strong>sit</strong></span> <span class='ocrx_word' id='word_1_226' title='bbox 1180 3565 1306 3651; x_wconf 85' lang='lat' dir='ltr'><strong>putare</strong></span> <span class='ocrx_word' id='word_1_227' title='bbox 1338 3568 1419 3649; x_wconf 90' lang='lat' dir='ltr'><strong>post</strong></span> 
     </span>
     <span class='ocr_line' id='line_1_29' title="bbox 243 3660 1418 3753; baseline 0.005 -25"><span class='ocrx_word' id='word_1_228' title='bbox 243 3684 275 3728; x_wconf 82' lang='lat' dir='ltr'><strong>·e</strong></span> <span class='ocrx_word' id='word_1_229' title='bbox 299 3660 452 3729; x_wconf 88' lang='lat' dir='ltr'><strong>debilem</strong></span> <span class='ocrx_word' id='word_1_230' title='bbox 475 3665 694 3752; x_wconf 75' lang='lat' dir='ltr'><strong>copulasset</strong></span> <span class='ocrx_word' id='word_1_231' title='bbox 715 3665 874 3733; x_wconf 88' lang='lat' dir='ltr'><strong>vocalem</strong></span> <span class='ocrx_word' id='word_1_232' title='bbox 900 3664 1008 3729; x_wconf 81' lang='lat' dir='ltr'><strong>eximi</strong></span> <span class='ocrx_word' id='word_1_233' title='bbox 1030 3680 1150 3751; x_wconf 81' lang='lat' dir='ltr'><strong>posse,</strong></span> <span class='ocrx_word' id='word_1_234' title='bbox 1178 3672 1258 3753; x_wconf 91' lang='lat' dir='ltr'><strong>post</strong></span> <span class='ocrx_word' id='word_1_235' title='bbox 1280 3666 1418 3734; x_wconf 89' lang='lat' dir='ltr'><strong>firmam</strong></span> 
     </span>
     <span class='ocr_line' id='line_1_30' title="bbox 243 3773 1419 3862; baseline 0.009 -30"><span class='ocrx_word' id='word_1_236' title='bbox 243 3773 280 3833; x_wconf 88' lang='lat' dir='ltr'><strong>et</strong></span> <span class='ocrx_word' id='word_1_237' title='bbox 303 3774 524 3837; x_wconf 78' lang='lat' dir='ltr'><strong>constantem</strong></span> <span class='ocrx_word' id='word_1_238' title='bbox 548 3794 619 3838; x_wconf 90' lang='lat' dir='ltr'><strong>non</strong></span> <span class='ocrx_word' id='word_1_239' title='bbox 643 3794 756 3859; x_wconf 89' lang='lat' dir='ltr'><strong>posse,</strong></span> <span class='ocrx_word' id='word_1_240' title='bbox 790 3796 906 3861; x_wconf 89' lang='lat' dir='ltr'><strong>neque</strong></span> <span class='ocrx_word' id='word_1_241' title='bbox 941 3774 1012 3840; x_wconf 84' lang='lat' dir='ltr'><strong>alia</strong></span> <span class='ocrx_word' id='word_1_242' title='bbox 1035 3775 1095 3842; x_wconf 90' lang='lat' dir='ltr'><strong>via</strong></span> <span class='ocrx_word' id='word_1_243' title='bbox 1117 3782 1251 3862; x_wconf 88' lang='lat' dir='ltr'><strong>pateat,</strong></span> <span class='ocrx_word' id='word_1_244' title='bbox 1285 3775 1356 3841; x_wconf 89' lang='lat' dir='ltr'><strong>nisi</strong></span> <span class='ocrx_word' id='word_1_245' title='bbox 1379 3782 1419 3842; x_wconf 90' lang='lat' dir='ltr'><strong>ut</strong></span> 
     </span>
    </p>
   </div>
   <div class='ocr_carea' id='block_1_4' title="bbox 242 3880 1418 4051">
    <p class='ocr_par' dir='ltr' id='par_1_5' title="bbox 242 3880 1418 4051">
     <span class='ocr_line' id='line_1_31' title="bbox 242 3880 1418 3967; baseline 0.009 -27"><span class='ocrx_word' id='word_1_246' title='bbox 242 3895 355 3942; x_wconf 89' lang='lat' dir='ltr'><strong>nonc</strong></span> <span class='ocrx_word' id='word_1_247' title='bbox 388 3886 563 3967; x_wconf 86' lang='lat' dir='ltr'><strong>exempta,</strong></span> <span class='ocrx_word' id='word_1_248' title='bbox 595 3880 658 3946; x_wconf 89' lang='lat' dir='ltr'><strong>sed</strong></span> <span class='ocrx_word' id='word_1_249' title='bbox 693 3880 781 3948; x_wconf 90' lang='lat' dir='ltr'><strong>elisa</strong></span> <span class='ocrx_word' id='word_1_250' title='bbox 803 3905 833 3948; x_wconf 85' lang='lat' dir='ltr'><strong>-s</strong></span> <span class='ocrx_word' id='word_1_251' title='bbox 865 3882 1144 3950; x_wconf 82' lang='lat' dir='ltr'><strong>contractionem</strong></span> <span class='ocrx_word' id='word_1_252' title='bbox 1178 3881 1309 3950; x_wconf 74' lang='lat' dir='ltr'><strong>factm</strong></span> <span class='ocrx_word' id='word_1_253' title='bbox 1342 3905 1418 3950; x_wconf 86' lang='lat' dir='ltr'><strong>esse</strong></span> 
     </span>
     <span class='ocr_line' id='line_1_32' title="bbox 243 3979 1233 4051; baseline 0.009 -4"><span class='ocrx_word' id='word_1_254' title='bbox 243 3979 410 4051; x_wconf 88' lang='lat' dir='ltr'><strong>dicamus.</strong></span> <span class='ocrx_word' id='word_1_255' title='bbox 1231 3985 1233 3990; x_wconf 64' lang='grc'>’</span> 
     </span>
    </p>
   </div>
   <div class='ocr_carea' id='block_1_5' title="bbox 243 4090 1419 4399">
    <p class='ocr_par' dir='ltr' id='par_1_6' title="bbox 243 4090 1419 4399">
     <span class='ocr_line' id='line_1_33' title="bbox 350 4090 1419 4188; baseline 0.007 -31"><span class='ocrx_word' id='word_1_256' title='bbox 350 4090 422 4158; x_wconf 85' lang='lat' dir='ltr'><strong>Res</strong></span> <span class='ocrx_word' id='word_1_257' title='bbox 444 4095 540 4184; x_wconf 89' lang='lat' dir='ltr'><strong>ipsas</strong></span> <span class='ocrx_word' id='word_1_258' title='bbox 557 4095 699 4183; x_wconf 89' lang='lat' dir='ltr'><strong>quidem</strong></span> <span class='ocrx_word' id='word_1_259' title='bbox 714 4102 811 4163; x_wconf 90' lang='lat' dir='ltr'><strong>recte</strong></span> <span class='ocrx_word' id='word_1_260' title='bbox 822 4097 897 4164; x_wconf 88' lang='lat' dir='ltr'><strong>Leo</strong></span> <span class='ocrx_word' id='word_1_261' title='bbox 913 4095 1125 4181; x_wconf 79' lang='lat' dir='ltr'><strong>observavit,</strong></span> <span class='ocrx_word' id='word_1_262' title='bbox 1148 4097 1212 4163; x_wconf 92' lang='lat' dir='ltr'><strong>sed</strong></span> <span class='ocrx_word' id='word_1_263' title='bbox 1227 4097 1419 4188; x_wconf 79' lang='lat' dir='ltr'><strong>quaeritur,</strong></span> 
     </span>
     <span class='ocr_line' id='line_1_34' title="bbox 243 4188 1418 4290; baseline 0.009 -28"><span class='ocrx_word' id='word_1_264' title='bbox 243 4216 326 4264; x_wconf 89' lang='lat' dir='ltr'><strong>num</strong></span> <span class='ocrx_word' id='word_1_265' title='bbox 350 4220 470 4268; x_wconf 87' lang='lat' dir='ltr'><strong>earum</strong></span> <span class='ocrx_word' id='word_1_266' title='bbox 493 4200 742 4290; x_wconf 85' lang='lat' dir='ltr'><strong>interpretatio</strong></span> <span class='ocrx_word' id='word_1_267' title='bbox 766 4225 852 4270; x_wconf 87' lang='lat' dir='ltr'><strong>vera</strong></span> <span class='ocrx_word' id='word_1_268' title='bbox 875 4204 930 4270; x_wconf 87' lang='lat' dir='ltr'><strong>sit.</strong></span> <span class='ocrx_word' id='word_1_269' title='bbox 955 4188 958 4192; x_wconf 30' lang='lat'><strong>⁴</strong></span> <span class='ocrx_word' id='word_1_270' title='bbox 979 4204 1069 4270; x_wconf 87' lang='lat' dir='ltr'><strong>Nam</strong></span> <span class='ocrx_word' id='word_1_271' title='bbox 1104 4204 1135 4268; x_wconf 91' lang='lat' dir='ltr'><strong>si</strong></span> <span class='ocrx_word' id='word_1_272' title='bbox 1168 4203 1295 4289; x_wconf 88' lang='lat' dir='ltr'><strong>omnia,</strong></span> <span class='ocrx_word' id='word_1_273' title='bbox 1328 4226 1418 4290; x_wconf 87' lang='lat' dir='ltr'><strong>quae</strong></span> 
     </span>
     <span class='ocr_line' id='line_1_35' title="bbox 244 4305 1417 4399; baseline 0.009 -28"><span class='ocrx_word' id='word_1_274' title='bbox 244 4324 288 4372; x_wconf 85' lang='lat' dir='ltr'><strong>ex</strong></span> <span class='ocrx_word' id='word_1_275' title='bbox 302 4305 421 4375; x_wconf 86' lang='lat' dir='ltr'><strong>Plauti</strong></span> <span class='ocrx_word' id='word_1_276' title='bbox 432 4307 562 4378; x_wconf 78' lang='lat' dir='ltr'><strong>rabulis</strong></span> <span class='ocrx_word' id='word_1_277' title='bbox 575 4309 727 4378; x_wconf 87' lang='lat' dir='ltr'><strong>conferri</strong></span> <span class='ocrx_word' id='word_1_278' title='bbox 739 4319 895 4399; x_wconf 88' lang='lat' dir='ltr'><strong>possunt,</strong></span> <span class='ocrx_word' id='word_1_279' title='bbox 920 4310 1268 4397; x_wconf 77' lang='lat' dir='ltr'><strong>consideraverimus,</strong></span> <span class='ocrx_word' id='word_1_280' title='bbox 1291 4311 1417 4381; x_wconf 89' lang='lat' dir='ltr'><strong>breves</strong></span> 
     </span>
    </p>
   </div>
   <div class='ocr_carea' id='block_1_6' title="bbox 0 0 1684 5117">
    <p class='ocr_par' dir='ltr' id='par_1_7' title="bbox 0 0 1684 5117">
     <span class='ocr_line' id='line_1_36' title="bbox 0 0 1684 5117; baseline 0 2"><span class='ocrx_word' id='word_1_281' title='bbox 0 0 1684 5117; x_wconf 95' lang='lat' dir='ltr'><strong> </strong></span> 
     </span>
    </p>
   </div>
  </div>
 </body>
</html>
