3359 5117
723 407 941 473 ...25-

357 605 538 672 Habemus
561 604 673 691 igitur
695 609 769 671 tres
793 601 971 669 scribendi
987 601 1154 683 rationes,
1178 602 1304 689 quibus
1321 602 1427 690 sylla-

252 713 317 780 bae
340 735 414 780 mm
437 721 486 779 est
510 710 792 779 enuntiationem
825 709 974 778 reddere
997 710 1151 777 Romani
1185 709 1436 790 conabantur:-

251 828 334 906 -est,
367 828 469 905 mast,
500 828 612 886 -emst
659 818 735 884 iam
768 817 1027 885 reminiscimur
1059 840 1187 885 noman
1222 817 1428 885 Decembris

252 935 328 995 tum
351 930 533 995 December
556 931 631 992 tum
647 928 819 992 December
843 932 885 1008 (e.
911 948 963 1012 gr.
989 925 1066 992 GIL
1084 926 1120 990 II
1144 924 1251 1007 4587)
1280 925 1428 1009 71648)

251 1036 294 1102 de
308 1034 415 1101 Rossi
438 1034 528 1120 107),
551 1040 626 1101 tum
641 1035 803 1100 Decebm's
819 1032 909 1115 (CIL
934 1033 951 1097 Ι
975 1033 1057 1116 855)
1080 1033 1117 1098 Χ
1133 1032 1234 1117 7168)
1259 1032 1428 1119 scriptum

253 1164 329 1209 esse
354 1149 390 1209 et
412 1141 577 1208 similiter
599 1146 741 1229 praeter
758 1143 998 1227 pientissimus
1014 1142 1207 1229 scripturas
1218 1143 1429 1227 piemte'se'mo

252 1249 343 1334 (CIL
375 1248 538 1332 112632)
562 1253 599 1314 et
616 1250 791 1335 pictisimo
822 1248 913 1327 (CIL
938 1249 969 1313 V
993 1249 1104 1333 4515)
1128 1248 1183 1314 IX
1205 1247 1307 1330 4267)
1331 1247 1429 1313 inve·

251 1357 330 1442 niri,
354 1362 498 1445 propter
521 1377 654 1441 semper
678 1361 714 1421 et
737 1376 858 1442 semper
891 1355 981 1438 (CIL
1006 1356 1038 1423 V
1062 1356 1171 1439 2781)
1196 1356 1251 1421 ΙΧ
1266 1356 1369 1436 5960)
1393 1363 1430 1421 et

252 1485 350 1551 seper
385 1462 475 1548 (CIL
499 1462 536 1528 X
569 1462 669 1545 7173)
706 1469 837 1531 extare.
891 1463 982 1529 Nolo
1018 1464 1135 1530 omnia
1171 1464 1244 1530 eins
1280 1462 1429 1550 generis,

254 1592 343 1658 quae
366 1570 510 1638 suntin
544 1570 846 1658 inscriptionibus,
883 1573 1043 1660 exempla
1077 1579 1248 1660 repetere,
1283 1593 1362 1638 cum
1385 1571 1429 1637 ab

254 1677 408 1746 Aemilio
432 1678 620 1745 Seelmann
642 1677 735 1763 libri,
760 1679 820 1765 qui
837 1684 891 1745 est
907 1679 950 1745 da
973 1678 1117 1766 linguae
1140 1679 1274 1745 latinae
1290 1680 1428 1745 enunti-

254 1786 384 1872 atione,
407 1807 512 1874 pagg.
538 1786 717 1852 276-286
749 1787 941 1874 composita
965 1786 1047 1853 sint.
1094 1786 1164 1853 Suo
1200 1794 1318 1852 autem
1352 1787 1429 1852 iura

254 1892 324 1961 viri
348 1892 444 1959 docti
466 1894 542 1959 iere
566 1914 697 1978 omnes,
733 1895 794 1980 qui
818 1894 861 1959 de
885 1893 951 1960 hac
974 1917 1013 1959 ra
1037 1902 1197 1981 egerunt,
1230 1893 1313 1960 inde
1337 1893 1429 1980 quod

252 2001 290 2079 in
313 2000 612 2088 inscriptionibus,
635 2023 714 2067 cum
737 2002 850 2068 altera
873 2023 1068 2068 consonans
1085 2009 1300 2088 sequeretur,
1324 2022 1429 2088 saepe

254 2110 298 2174 M
313 2129 377 2197 pro
400 2110 438 2174 N
459 2115 495 2176 et
518 2115 640 2176 eontra
663 2111 703 2175 N
729 2131 792 2197 pro
818 2112 856 2175 M
878 2110 1046 2197 scriptum
1077 2112 1173 2193 esti),
1208 2109 1272 2176 has
1308 2131 1429 2175 conso·

148 2242 150 2247 ⁸
253 2221 380 2282 nantes
403 2223 487 2284 ante
522 2216 670 2282 alteram
707 2224 958 2283 consonantem
993 2216 1125 2305 positas
1160 2240 1271 2305 paene
1307 2218 1430 2284 codem

252 2322 355 2390 modo
380 2322 581 2391 enuntiatas
606 2346 683 2391 esse
706 2323 910 2391 effecerunt.
956 2326 1076 2411 Atque
1111 2347 1189 2392 cum
1224 2325 1430 2414 saepissime

254 2430 405 2516 eveniat,
427 2438 468 2496 ut
491 2430 636 2498 eaedem
658 2431 695 2496 M
719 2438 756 2497 et
778 2432 810 2498 N
833 2440 1066 2499 consonantes
1083 2433 1196 2499 altera
1212 2441 1430 2500 consonante

254 2537 462 2624 insequente
494 2538 636 2605 omnino
671 2559 742 2606 non
777 2539 931 2626 scriptae
955 2540 1089 2625 sint‚**)
1124 2539 1189 2607 hae
1224 2540 1431 2607 condicione

255 2666 314 2711 eas
339 2644 544 2712 imminutas
569 2651 605 2713 et
628 2646 832 2714 obscuratas
850 2669 926 2713 esse
942 2647 1037 2715 idem
1052 2648 1122 2714 viri
1138 2647 1235 2715 docti
1250 2648 1428 2717 viderunt.

253 2753 363 2818 Porro
397 2752 620 2819 notissimum
655 2760 710 2820 est
744 2760 996 2822 consonantem
1031 2778 1055 2821 e
1089 2755 1263 2843 imprimis
1297 2764 1381 2822 ante
1413 2780 1431 2823 s

257 2859 480 2926 obscuratam
505 2882 592 2948 esse,
622 2861 674 2928 ita
696 2869 737 2928 ut
759 2863 798 2929 in
821 2864 919 2948 cosol,
950 2862 1043 2929 unde
1067 2884 1131 2930 cos.
1161 2870 1246 2929 nota
1268 2863 1306 2930 in
1330 2886 1431 2930 usum

364 3112 393 3184 ³¹²)
411 3114 446 3170 In
464 3115 557 3186 primo
585 3112 649 3170 CIL
673 3115 819 3171 volumine
838 3116 878 3170 M
903 3133 956 3186 pro
976 3116 1010 3172 N
1034 3116 1142 3186 scripta
1169 3118 1228 3170 est:
1255 3116 1433 3171 comdnctnm

253 3208 317 3277 200,
338 3221 376 3281 ,,)
396 3205 532 3260 damatam
549 3204 612 3272 206,
624 3224 665 3277 ι,)
686 3205 820 3261 domdem
838 3205 950 3276 206,,,)
963 3206 1130 3275 faciumdes'
1148 3205 1257 3276 206,,,)
1276 3206 1315 3260 im
1328 3205 1433 3274 frome

254 3296 340 3368 1104)
359 3298 399 3352 im
416 3296 566 3367 privatam
583 3294 645 3358 200,
658 3333 681 3367 ,,
690 3314 702 3366 ,·
729 3313 880 3368 comptem:
908 3296 945 3351 ad
964 3295 1046 3351 Mart.
1066 3295 1102 3350 24
1112 3295 1225 3368 (zfssti
1244 3295 1386 3350 Philocsli
1404 3315 1432 3366 p.

254 3388 339 3457 338);
357 3391 476 3458 qnumta
494 3384 556 3454 206,
574 3419 598 3458 .,
617 3422 641 3456 ,,
659 3405 699 3456 ,,)
718 3393 863 3456 quamtum
881 3386 943 3455 206,
962 3407 1004 3458 3„-
1023 3389 1201 3442 sentemtiem
1220 3385 1281 3453 206,
1300 3422 1336 3456 ,,,
1350 3418 1384 3457 1„
1396 3422 1432 3456 ,,,

254 3498 306 3551 ,,,)
333 3483 440 3533 temtos
470 3476 534 3547 206,
553 3513 576 3549 ,,
594 3514 632 3547 ,,,
672 3482 792 3532 tamtam
817 3478 880 3547 206,
899 3497 941 3548 ,,)
971 3479 1115 3534 taemdum
1143 3478 1205 3545 206,
1222 3509 1246 3544 ,2
1265 3515 1289 3547 ,,
1306 3514 1330 3547 ,0
1348 3513 1373 3549 ,,
1390 3494 1433 3549 w·

254 3569 438 3631 tacmdaram
457 3567 519 3635 206,
535 3603 569 3640 ,,.
608 3568 642 3624 Ν
657 3584 709 3638 pro
722 3568 762 3623 M
776 3569 901 3640 legitur:
920 3570 1061 3639 isdemque
1078 3568 1166 3639 1341)
1185 3569 1307 3639 qaensci
1317 3567 1381 3634 20,
1392 3585 1434 3638 ,,)

255 3675 383 3730 quaeqae
402 3656 464 3725 201,
482 3675 513 3729 ,)
531 3659 698 3713 tantundem
716 3657 778 3728 200,
797 3696 820 3730 ,,
838 3697 862 3730 ss
881 3697 904 3730 ,,
922 3691 944 3730 ,,
954 3678 965 3728 )
983 3656 1047 3726 202,
1066 3688 1077 3724 .
1096 3696 1127 3729 ,,.

360 3747 403 3819 *1)
420 3747 456 3803 In
475 3746 573 3804 CILI
593 3747 633 3803 M
649 3749 753 3804 omissa
767 3751 824 3804 est:
844 3750 986 3805 Decetm's
1005 3747 1079 3819 930‚·
1098 3747 1307 3819 Noutris8555
1327 3747 1433 3819 Sepro·

254 3839 322 3895 nias
339 3838 402 3907 956,
427 3838 500 3909 958)
533 3840 644 3911 Papius
671 3837 744 3909 151)
777 3839 874 3911 Papia
893 3840 954 3895 151.
993 3841 1027 3894 N
1046 3838 1167 3894 omissa:
1197 3837 1313 3893 Ateleta
1344 3836 1433 3908 1501)

258 3930 367 3985 atrcm’s
385 3927 426 3999 (ε
435 3929 607 4000 atriensis):
625 3928 683 3984 fast
701 3928 770 3985 Ant.
782 3929 844 3997 198,
862 3946 899 4000 ,,)
918 3932 1026 4001 attiput
1037 3928 1098 3997 198,
1117 3946 1155 4000 ,,)
1175 3930 1313 3998 attejqeret
1323 3927 1384 3993 198,
1394 3944 1433 3996 ,,;

260 4038 342 4075 cesar
361 4018 415 4089 31)
441 4036 553 4075 cesores
571 4018 637 4088 613)
665 4019 753 4087 1161)
784 4019 871 4089 1162)
901 4017 990 4088 1264)
1020 4018 1129 4074 Glemes
1147 4017 1217 4087 717,
1237 4018 1340 4072 dedrot
1364 4016 1434 4084 173)

257 4111 428 4182 Lanpueses
447 4109 509 4179 199,
527 4125 571 4180 ,,)
591 4109 807 4180 Malupmcss's:
826 4126 852 4164 a.
871 4108 940 4179 295)
959 4109 1026 4178 301)
1045 4127 1138 4164 mesor
1155 4108 1240 4176 1109)
1261 4107 1435 4162 Oreculeies

256 4200 329 4269 927)
355 4200 514 4255 Pisanrcsc
533 4198 605 4268 173)
635 4198 771 4262 Quietem
790 4197 862 4268 841)
893 4198 1027 4255 Secede:
1055 4198 1121 4254 fast.
1141 4197 1210 4253 Ant.
1231 4198 1257 4268 2,
1276 4212 1314 4267 ,,)
1345 4196 1434 4252 Tter·

258 4308 366 4346 mecam
383 4287 446 4359 204,
464 4326 476 4361 ,
495 4328 506 4361 ,
525 4305 562 4359 „3
585 4288 780 4345 Thermesiam
798 4288 860 4356 204,
880 4320 890 4353 1
910 4304 937 4360 ,)
962 4289 1123 4346 Vcicetinos
1141 4286 1203 4344 549.
