3359 5117
725 424 947 490 ..37-

237 622 408 707 fuciumdi
430 624 639 688 seutemtium
663 632 800 708 quantia
823 622 961 707 tanciae)
993 623 1151 710 praebet,
1183 623 1419 711 respondent:

242 728 319 793 oin
344 728 395 793 Vl
419 728 480 794 381
510 739 772 815 comsumptum3
807 731 853 795 ib.
881 729 1049 798 112632:
1080 735 1326 819 pierutieau‘m03
1362 732 1417 797 III

242 858 275 923 p.
300 836 392 924 862„
418 837 535 920 (edict.
564 838 726 911 Dioclen)
760 840 1017 905 dissimulaudi
1029 861 1038 925 3
1075 839 1106 903 V
1131 838 1258 928 areu„
1282 849 1420 907 sentem·

240 947 328 1010 tium
352 944 490 1024 (Seelm.
516 968 549 1031 p.
574 944 653 1026 276)
667 950 717 1028 *);
741 969 793 1012 uec
817 968 880 1034 pro
905 970 947 1013 uc
969 947 1150 1014 invenitur
1167 947 1244 1013 0111
1269 948 1306 1012 X
1327 950 1416 1014 4321

242 1054 474 1133 ucemculum3
501 1053 569 1119 Gai
593 1054 750 1121 institut.
775 1055 826 1121 lib
850 1055 886 1119 Π
910 1057 951 1120 51
978 1059 1161 1141 uumcieci3
1193 1057 1254 1123 lib.
1279 1056 1330 1121 IV
1358 1056 1420 1122 167

242 1163 405 1227 uumcieoi
427 1161 463 1226 in
490 1160 610 1227 codice
634 1162 853 1247 Veronensi3
887 1170 1095 1230 cumularunt
1131 1171 1167 1229 et
1200 1168 1422 1248 quincumque

242 1273 318 1354 (pro
342 1270 540 1351 quincunce)
572 1270 744 1336 lectiones
781 1294 824 1335 ex
860 1269 1038 1337 codicibus
1070 1272 1248 1339 veteribus
1273 1272 1423 1340 contulit

243 1375 518 1442 Schuchardtius
543 1377 565 1443 l.
592 1401 620 1445 o.
657 1401 737 1465 pag.
778 1378 839 1442 109
880 1389 915 1443 et
954 1378 1048 1443 idem
1079 1379 1166 1446 Aen.
1204 1379 1258 1443 ΙΙΙ
1294 1380 1421 1446 343111

243 1484 405 1550 Palatino
429 1485 461 1550 A
475 1485 660 1553 VOMCVL
671 1488 726 1553 Vs
748 1493 839 1575 (exp.
867 1487 900 1551 M
926 1493 962 1552 et
985 1509 1156 1576 suprascr.
1181 1488 1227 1570 N)
1251 1487 1421 1576 scriptum
1454 1574 1457 1579 ¹

245 1613 321 1657 esse
345 1592 559 1660 observavit.

352 1699 451 1779 Quae
474 1701 633 1768 codicum
649 1704 971 1769 vetustissimorum
994 1703 1166 1770 lectiones
1183 1726 1256 1770 non
1271 1703 1420 1770 minoris

244 1808 486 1876 aestimandae
521 1820 614 1892 sunt,
650 1834 753 1898 qnam
787 1813 814 1875 si
853 1812 891 1876 in
927 1811 1085 1877 eiusdem
1122 1813 1250 1878 aetatis
1274 1812 1422 1899 inscrip-

246 1916 403 1982 tionibus
427 1918 642 2002 legerentur.
690 1919 780 1985 Nam
816 1920 925 1986 libros
949 1921 1206 2007 manuscriptos
1241 1919 1287 1985 ad
1310 1941 1419 1986 enun-

245 2024 432 2090 tiationem
456 2025 603 2112 linguae
626 2026 761 2093 latinae
786 2026 977 2094 eruendam
1010 2049 1082 2093 non
1118 2026 1248 2094 minori
1271 2027 1423 2093 utilitati

244 2153 320 2197 asse
344 2153 449 2217 quam
472 2133 609 2222 lapides
634 2157 676 2200 ex
701 2134 861 2202 codicum
892 2134 1106 2202 lectionibus
1143 2157 1250 2222 supra
1280 2134 1420 2201 collatis

244 2240 331 2305 satis
365 2240 597 2328 intellegitur.
644 2242 686 2307 Id
719 2249 859 2309 tantum
895 2243 946 2309 eis
975 2242 1196 2310 incommodo
1222 2250 1286 2328 est,
1329 2242 1423 2329 quod

244 2347 447 2435 plerumque
457 2349 569 2416 solum
578 2357 713 2416 certum
726 2352 897 2438 temporis
907 2350 1107 2430 terminum,
1118 2356 1313 2437 antequem
1323 2350 1421 2417 codi-

244 2476 321 2521 cum
345 2456 541 2544 scripturae
565 2464 663 2524 ortae
687 2457 769 2540 sint,
803 2466 887 2524 ante
910 2458 992 2524 libri
1016 2458 1152 2525 scilicet
1177 2457 1420 2546 manuscripti,

243 2563 281 2629 in
317 2586 384 2651 quo
420 2586 578 2652 quaeque
612 2567 803 2650 invenitur,
846 2574 1011 2652 aetatem,
1047 2566 1193 2633 definire
1226 2586 1420 2656 possumus,

245 2692 324 2736 cum
347 2679 465 2739 utrum
490 2694 552 2739 eae
584 2673 627 2739 ab
653 2674 810 2740 eiusdem
847 2672 979 2742 codicis
1012 2674 1157 2741 librario
1194 2674 1344 2762 primum
1369 2672 1423 2737 in·

246 2777 372 2845 ducme
396 2801 440 2846 an
465 2781 576 2848 multo
611 2782 840 2868 antiquiores,
877 2789 939 2848 ant
973 2782 1062 2849 adeo
1093 2803 1114 2847 a
1149 2781 1321 2869 scriptore
1344 2781 1422 2867 ipso

246 2885 427 2954 adhibitae
463 2888 544 2974 sint,
579 2911 650 2955 non
686 2912 824 2977 semper
860 2896 1008 2957 constet.
1055 2889 1187 2955 Tamen
1226 2889 1419 2976 scripturas

246 3001 319 3060 tam
355 3016 463 3081 raras,
498 2996 618 3082 quales
654 3005 737 3063 sunt
764 3002 926 3065 namurci
958 3008 1165 3065 cumularem
1200 3000 1425 3082 quincumque

246 3106 463 3189 temperalium
494 3114 713 3193 umqueutum
748 3127 811 3193 per
842 3107 954 3172 multa
984 3106 1153 3173 librorum
1189 3126 1321 3192 genera
1351 3111 1422 3169 tra·

248 3209 340 3276 ditas
356 3232 471 3297 neque
486 3211 626 3278 litteras
638 3213 749 3278 instas
765 3214 951 3280 restitutas
968 3235 1044 3280 esse
1059 3212 1136 3280 veri
1147 3212 1263 3280 simile
1274 3233 1346 3280 non
1359 3215 1423 3280 eet.

354 3317 489 3398 Quodsi
511 3342 533 3387 u
559 3328 596 3386 et
617 3343 652 3386 m
675 3320 814 3386 litteras
837 3329 921 3388 ante
950 3320 1110 3389 dentales
1142 3321 1201 3388 vel
1224 3320 1423 3408 gutturales

246 3427 390 3514 positas,
428 3426 563 3516 pariter
602 3451 643 3496 ac
679 3429 710 3494 si
748 3429 888 3497 labialis
927 3431 1183 3516 insequeretur,
1222 3428 1424 3514 antiquiore

249 3539 368 3601 aetate
392 3559 418 3600 u
442 3537 645 3604 enuntiatas
670 3559 745 3604 esse
768 3545 925 3605 statuere
941 3538 1035 3622 licet,
1057 3560 1129 3605 non
1146 3543 1201 3604 est
1216 3559 1278 3604 cur
1300 3542 1424 3624 postea

248 3642 353 3707 aliter
377 3664 436 3708 eas
461 3665 643 3731 expressas
668 3667 743 3711 esse
769 3645 935 3712 dicamus.

356 3750 426 3816 Sed
450 3760 563 3819 restat
585 3775 691 3819 unum
717 3776 829 3839 genus
854 3754 1055 3834 lectionum,
1089 3754 1217 3839 quibus
1251 3773 1424 3819 summam

247 3855 358 3923 fuisse
380 3858 648 3927 similitudinem
672 3862 869 3927 certissime
893 3861 1154 3928 demonstratur
1186 3861 1283 3927 inter
1319 3882 1342 3925 u
1364 3859 1425 3924 lit·

248 3971 360 4030 teram
385 3973 468 4032 ante
492 3969 682 4035 secundam
706 3969 902 4055 quamlibet
925 3973 1177 4035 consonantem
1211 3969 1364 4055 positam
1388 3972 1425 4032 et

355 4127 383 4195 *l
403 4128 460 4183 alia
479 4129 608 4199 exempla
627 4133 656 4184 et
675 4148 709 4185 ex
737 4128 882 4200 lapidibus
905 4133 935 4182 et
960 4147 993 4183 ax
1022 4125 1170 4183 codicibus
1198 4125 1320 4182 contulit
1338 4124 1425 4181 Schu-

249 4218 397 4273 chardtius
415 4220 432 4275 l.
453 4237 476 4275 c.
501 4218 558 4276 vol.
582 4219 596 4272 Ι
616 4238 642 4289 p.
667 4219 823 4274 lot-roe:
844 4219 984 4292 imprimis
1003 4218 1086 4273 Rossi
1106 4215 1203 4273 1288:
1223 4216 1427 4273 abuudantius

250 4310 288 4378 (a.
308 4309 362 4363 380
380 4328 407 4383 p.
428 4309 493 4366 chr.
513 4309 561 4377 u).
