3359 5117
516 391 670 518 3·2·-'
745 466 777 475 —
826 430 846 493 6
894 463 935 477 .-

198 608 219 687 .³
240 599 484 714 ·1“⁸riq'rii⁶r'e'ndo,²
501 598 678 713 ridiriduid
703 624 748 692 ad
779 625 878 692 illam
910 646 984 691 rem
1014 625 1281 711 grammaticam
1310 625 1420 690 inter-

247 732 456 822 pretandam
491 733 634 802 valeant
663 732 989 820 antiquissimorum
1019 732 1187 799 librorum
1221 740 1257 799 et
1289 732 1350 819 qui
1378 731 1424 797 ad

247 841 399 929 priscam
431 840 647 908 latinitatem
686 839 835 906 redeant
874 839 1080 927 scripturae,
1125 839 1201 906 sive
1246 840 1421 926 genuinae

247 947 434 1016 Plautinae
457 954 540 1016 sunt
563 947 639 1015 sive
662 953 787 1035 postea
817 947 1048 1035 irrepserunt.
1095 947 1203 1014 Casus
1228 948 1322 1014 enim
1345 947 1422 1013 fere

248 1077 379 1141 omnes,
402 1077 489 1143 quos
513 1053 654 1141 singula
677 1053 786 1121 verba
813 1053 1069 1141 verborumque
1093 1053 1421 1142 comprehensiones

248 1184 415 1251 perpessa
430 1169 525 1246 sunt,
548 1161 586 1228 in
608 1160 899 1249 inscriptionibus
916 1168 952 1227 et
967 1160 1067 1228 libris
1084 1183 1190 1228 manu
1206 1161 1346 1250 scriptis
1362 1184 1423 1229 ve-

248 1269 356 1356 stigia
368 1268 596 1355 reliquerunt,
606 1274 650 1353 et,
662 1266 755 1355 quod
766 1266 861 1334 idem
871 1266 977 1348 valet,
986 1267 1103 1334 omnia
1116 1268 1190 1334 iere
1203 1268 1424 1335 librariorum

249 1381 377 1461 errata,
409 1396 499 1461 quae
523 1374 724 1441 constantia
748 1373 898 1460 quadam
928 1380 1122 1460 recurrunt,
1152 1374 1331 1442 fluxerunt
1363 1383 1425 1443 aut

249 1505 293 1550 ex
326 1480 618 1571 pronuntiatione
652 1487 868 1549 commutata
910 1488 972 1548 aut
1006 1504 1048 1549 ex
1087 1504 1198 1572 prava
1236 1482 1423 1550 verborum

248 1588 479 1677 derivatione,
509 1610 683 1678 perpauca
706 1589 752 1655 ad
775 1589 902 1656 calami
926 1611 1079 1658 errorem
1111 1589 1297 1657 referenda
1327 1598 1419 1659 sunt.

247 1697 441 1786 Propterea
479 1695 674 1785 scripturae
712 1703 863 1780 veteres,
911 1697 955 1770 si,
981 1720 1071 1784 quae
1110 1704 1235 1765 extant
1273 1699 1317 1765 ab
1355 1721 1422 1767 usu

247 1804 425 1871 communi
458 1803 673 1888 aberrantes,
708 1825 780 1871 non
814 1804 906 1871 nihil
946 1805 992 1871 ad
1031 1807 1197 1872 obscuras
1231 1805 1422 1873 formarum

247 1910 422 1997 originem
446 1916 483 1977 et
497 1908 823 1998 pronuntiationem
839 1911 1099 1999 intellegendas
1122 1911 1249 1980 afferre
1264 1921 1424 2001 possunt.

355 2016 426 2085 Sed
448 2017 653 2107 priusquam
681 2016 727 2084 ad
748 2017 864 2106 ipsam
892 2040 966 2085 rem
997 2019 1236 2107 aggredimur,
1269 2021 1424 2087 breviter

247 2146 501 2215 pereurramus,
536 2124 710 2213 quomodo
742 2125 814 2211 illa,
845 2147 950 2213 quam
983 2125 1067 2213 dixi,
1099 2150 1155 2193 res
1190 2128 1423 2215 grammatica

246 2256 268 2301 a
303 2224 391 2300 viris
431 2233 543 2301 doctis
581 2232 765 2300 intellecta
805 2234 862 2301 sit.
932 2233 1038 2322 Apud
1076 2235 1241 2321 antiquos
1280 2234 1423 2321 quidem

246 2342 494 2428 grammaticos
509 2341 639 2408 latinos
651 2340 749 2408 nulla
762 2347 861 2408 extat
876 2325 979 2409 buius
993 2341 1150 2409 elisionis
1163 2343 1422 2431 interpretatio,

246 2447 317 2516 nisi
340 2470 392 2529 ea,
425 2469 514 2535 quae
537 2447 670 2516 Marius
693 2446 899 2516 Victorinus
928 2448 1074 2515 minime
1109 2470 1193 2515 sane
1222 2447 1420 2515 subtilitate

247 2554 415 2644 disputat,
440 2554 770 2645 interpretationem
805 2577 881 2621 esse
913 2555 1160 2624 concedemus:
1198 2557 1281 2624 Cum
1311 2559 1420 2644 fuerit

246 2670 369 2748 autem,
392 2663 519 2750 inquit,
548 2664 715 2750 scriptam
738 2665 942 2748 ,audiendus
965 2671 1022 2730 eat·
1057 2671 1089 2730 et
1120 2659 1327 2750 ,scribendus
1359 2670 1421 2731 est‘

245 2778 277 2838 et
292 2772 486 2855 ,mutandus
502 2772 563 2836 eet‘
578 2779 608 2838 et
623 2771 754 2837 similia
772 2774 907 2857 pene-ris
921 2772 1114 2857 masculini,
1132 2774 1286 2858 primam
1309 2794 1419 2839 vocem

245 2883 413 2968 integram
435 2879 644 2965 relinqueris,
667 2899 711 2945 em
726 2881 911 2946 oomaaima
927 2887 1041 2945 autem
1064 2890 1099 2960 ,ε’
1123 2887 1154 2945 et
1168 2880 1206 2962 ,a‘
1223 2882 1417 2948 detrahetis.

245 2990 336 3056 idem
354 2989 494 3075 societis
515 2989 553 3053 irr
573 2988 762 3075 femininis,
792 2995 830 3053 at
847 2988 968 3073 prima
990 3009 1066 3073 coc,
1089 2990 1186 3056 ccicc
1206 2991 1340 3076 perceris
1363 2989 1419 3065 ait,

245 3102 424 3183 apparent,
438 3096 592 3181 idemque
606 3096 644 3160 in
660 3096 801 3162 ceutria.
832 3094 907 3175 (Gr.
925 3094 964 3161 L.
981 3094 1032 3161 VI
1049 3094 1147 3172 2214
1162 3095 1221 3177 K.)
1250 3095 1418 3174 Quemvis

245 3202 318 3269 sint
340 3200 429 3268 baso
451 3199 685 3286 indiligenter
715 3201 860 3289 scripta,
887 3201 925 3267 id
954 3207 1074 3268 tamen
1110 3223 1153 3268 ex
1188 3203 1238 3268 eis
1272 3210 1419 3291 apparet

243 3310 338 3378 huno
353 3307 469 3374 virum
485 3307 753 3395 grammaticum
769 3307 900 3374 formas
912 3308 992 3375 illas
1004 3329 1076 3375 non
1091 3307 1218 3397 prioris
1235 3310 1340 3396 vocis,
1355 3310 1419 3378 sed

244 3416 390 3505 copulae
412 3414 610 3483 mutatione
642 3421 736 3482 ortas
761 3437 837 3482 esse
861 3415 1055 3505 putavisse,
1089 3424 1126 3482 et
1155 3424 1350 3504 praeterea,
1379 3418 1418 3486 id

245 3522 338 3620 quod
373 3523 518 3610 gravius
552 3528 615 3607 est,
650 3528 775 3610 quarto
810 3545 844 3610 p.
877 3522 957 3589 chr.
990 3544 1025 3591 n.
1061 3524 1210 3609 saeculo,
1245 3524 1419 3610 siquidem

250 3625 429 3697 Victorino
452 3629 539 3696 fides
562 3629 725 3697 habenda
749 3638 813 3714 est,
835 3637 904 3696 met
927 3650 999 3695 non
1023 3629 1138 3695 minus
1163 3651 1267 3716 quam
1291 3640 1360 3698 mat
1382 3640 1419 3698 et

244 3746 347 3804 amat
378 3738 601 3804 enuntiatum
634 3758 720 3823 esse,
761 3758 839 3804 cum
881 3735 1094 3803 scriberetur
1126 3759 1185 3804 -αε
1208 3746 1267 3823 eet,
1300 3761 1336 3805 ·c
1359 3749 1417 3825 eat,

244 3867 318 3911 -am
341 3852 399 3911 eat.
447 3844 560 3924 Quam
592 3843 769 3912 scribendi
796 3842 971 3911 rationem
1007 3866 1085 3911 cum
1120 3867 1280 3912 sermone
1314 3847 1417 3915 cotti·

246 3952 351 4019 diano
368 3952 627 4041 discrepantem
643 3954 824 4042 vituperat
846 3952 941 4019 idem
960 3953 1160 4021 Victorinus
1176 3954 1282 4044 paulo
1298 3963 1415 4023 antea:

245 4061 375 4146 lepistia
399 4067 620 4147 praeceptam
654 4066 881 4147 antiquorum,
917 4064 976 4147 qai
1013 4064 1113 4128 aiam
1144 4065 1248 4129 scribi
1282 4066 1416 4149 quidem

245 4169 399 4233 ommibus
433 4167 558 4234 litteris
594 4176 754 4254 oportere,
790 4172 827 4234 im
859 4171 1068 4236 enuntiando
1102 4178 1216 4237 aretem
1249 4172 1416 4256 quosdam

247 4274 382 4339 litterae
405 4274 498 4340 elidi.
522 4276 560 4340 ia
583 4295 655 4361 qao,
685 4283 724 4341 at
745 4277 835 4341 idem
859 4279 998 4362 saepius
1021 4278 1143 4363 dicam,
1178 4279 1230 4344 bia
1253 4280 1416 4364 peccatis,
