3359 5117
1134 717 1170 783 in
1193 738 1265 782 uno
1287 716 1445 782 alterove

1200 823 1376 889 Palatino.

374 2581 467 2647 Item
491 2583 734 2671 exscriptore
758 2592 825 2650 -uet
862 2583 952 2648 telso
989 2580 1160 2647 distructa
1193 2580 1297 2647 fluxit
1331 2583 1446 2648 forms

265 2708 301 2752 -u
325 2689 418 2770 ms)
464 2689 538 2756 Ism
562 2711 657 2772 vero,
681 2688 742 2775 qui
764 2688 962 2777 respexerit
978 2686 1066 2753 illud
1090 2689 1225 2754 deterri
1247 2692 1293 2769 (v.
1310 2688 1444 2755 Archiv

268 2795 325 2861 fiir
350 2795 634 2884 Lexikogrephie
669 2797 705 2861 Ι[
740 2797 806 2862 349
842 2800 918 2883 sq.)‚
954 2803 1113 2862 statuere
1146 2793 1260 2882 possit
1294 2794 1445 2861 forsitan

267 2902 375 2967 etism
398 2905 483 2970 datu
506 2912 555 2972 est
578 2907 719 2971 honesto
743 2913 792 2971 est
815 2904 1038 2970 enuntiatum
1077 2924 1164 2986 esse,
1200 2901 1292 2988 quod
1327 2909 1446 2968 tomen

266 3017 364 3075 reete
388 3010 498 3077 statui
524 3011 582 3077 vix
606 3010 828 3077 crediderim.
875 3011 966 3077 Nam
984 3010 1146 3097 primum,
1169 3008 1345 3093 siquidem
1363 3030 1446 3074 vers

269 3140 360 3217 sunt,
396 3155 485 3220 quse
509 3133 553 3200 de
571 3120 704 3222 saotdst
732 3136 888 3225 exposui,
924 3135 969 3202 iis
993 3118 1121 3201 ismm
1156 3140 1333 3200 servatum
1371 3156 1447 3200 esse

269 3239 430 3308 efficitur.
477 3242 666 3309 Praeterea
689 3244 828 3311 vocales
851 3242 910 3310 hio
933 3243 1024 3309 alise
1048 3247 1131 3308 sunt
1154 3247 1261 3326 etque
1284 3240 1382 3308 illie:
1405 3241 1444 3308 in

269 3349 403 3414 datuiri
426 3349 519 3414 enirn
542 3369 566 3413 u
589 3349 745 3436 genuina
769 3358 832 3424 est.
870 3351 908 3417 in
943 3352 1062 3417 dotum
1086 3357 1135 3415 est
1159 3371 1201 3415 ex
1225 3372 1243 3415 o
1267 3355 1364 3434 orte3
1388 3347 1446 3415 hio

269 3477 295 3540 e,
318 3456 393 3522 illio
408 3458 423 3522 ι’
437 3456 644 3544 insequitur.
681 3460 799 3546 Atque
815 3458 974 3548 profesto
990 3457 1188 3542 lectionem,
1211 3477 1301 3543 quse
1312 3455 1446 3542 legitur

270 3562 400 3631 Pseud.
425 3562 503 3646 444,
537 3564 762 3633 librariorum
801 3574 918 3632 errato
956 3564 1138 3631 inductum
1175 3585 1250 3629 esse
1288 3569 1446 3651 apparet,

270 3691 349 3736 oum
373 3679 512 3756 aequest
535 3677 715 3758 (zoequom
750 3683 799 3741 est
821 3675 867 3755 A)
901 3674 940 3739 in
972 3673 1084 3738 ultera
1117 3669 1276 3738 oodioum
1309 3669 1446 3737 semilis

271 3776 325 3860 (P)
348 3776 386 3843 in
410 3797 492 3861 equo
515 3787 565 3846 est
588 3779 796 3849 distractum
820 3788 857 3847 et
880 3787 1081 3867 corruptum
1105 3777 1161 3843 sit.
1186 3867 1190 3874 .
1209 3776 1335 3843 Tribus
1360 3776 1446 3843 loeis

271 3883 412 3972 (Amph.
439 3885 555 3953 71οΡ
587 3895 624 3955 et
646 3889 805 3974 Nonins;
840 3888 873 3953 A
895 3910 929 3955 n.
953 3887 999 3969 1.;
1034 3885 1160 3953 Bsoeh.
1186 3885 1252 3950 130
1275 3885 1357 3971 0D3
1383 3887 1444 3954 161

272 3990 347 4072 OD)
370 4013 434 4079 pro
473 3996 511 4059 in
550 4006 691 4065 mentem
726 4005 775 4064 est
812 3996 1013 4063 invenimus
1048 3983 1232 4061 iumento
1271 4000 1329 4077 est,
1368 3992 1451 4078 quis

271 4096 410 4165 librurii
433 4100 600 4170 nimirum
624 4104 819 4171 ablativum
844 4124 974 4187 ossum,
997 4122 1068 4167 non
1091 4099 1451 4186 soousetivumpopo·

381 4330 408 4401 ¹⁸)
427 4330 463 4390 ef.
483 4332 549 4389 Ter.
569 4334 682 4394 Phorm.
700 4334 754 4392 456
773 4337 952 4406 inoeptuttest
971 4330 1007 4399 G,
1025 4334 1142 4401 inceptu
1161 4336 1203 4385 est
1223 4326 1354 4383 BCEFP.
