3359 5117
665 443 886 507 ..70-

237 651 284 710 est
307 645 390 709 satis
414 652 461 709 est
485 644 637 726 quisquis
666 650 713 708 est
747 641 855 727 mdpis
878 647 927 705 est
961 638 1050 723 aliis,
1083 659 1172 725 quae
1207 639 1423 726 saepissime.

238 757 434 817 occurrunt.
481 749 541 815 OD
566 750 677 835 igitur
700 769 821 815 veram
844 747 1033 813 lectionem
1049 746 1256 832 servavisse,
1281 746 1411 812 Btalsc

237 865 453 925 contractam
476 855 626 922 formam
649 854 830 922 induxisse
854 861 950 942 puto.

344 964 423 1031 Duo
457 985 547 1051 quae
581 973 770 1051 supersunt
805 962 964 1050 exempla
997 962 1199 1029 coniectura
1232 964 1270 1027 in
1293 960 1413 1027 Plauti

238 1074 345 1141 verba
369 1073 470 1139 illata
486 1079 578 1139 sunt.
624 1053 732 1139 Poen.
749 1071 836 1136 315:
861 1069 1115 1157 Adelphasium
1132 1077 1168 1136 et
1184 1068 1412 1135 Anterastilis

237 1182 376 1270 puellae
399 1202 437 1246 se
461 1185 672 1246 exornantes
695 1178 914 1266 lepidissime
938 1176 1039 1244 nobis
1063 1184 1328 1264 proponuntur:

344 1288 410 1358 Ad.
445 1290 551 1355 Videre
575 1291 637 1356 m?
668 1291 767 1374 pleni
798 1290 890 1354 oculi
914 1288 1090 1353 sorderum
1120 1292 1178 1370 qui
1207 1295 1314 1371 eram,
1343 1288 1414 1351 idm

1117 1395 1293 1480 spierddrit
1316 1395 1411 1460 milri.

345 1503 429 1572 Ant.
469 1506 575 1570 Immo
598 1507 698 1571 etiam
736 1508 773 1570 iu
811 1506 920 1569 medio
959 1505 1053 1569 deuio
1086 1504 1248 1587 paullum
1285 1503 1414 1568 sdrdest
1500 1571 1502 1574 ,

239 1611 346 1697 (Leo;
370 1613 482 1678 sordet
505 1611 586 1693 AP3
610 1614 736 1677 sordist
760 1610 915 1693 Gruter).
965 1610 1028 1677 Ad.
1049 1610 1134 1677 Cedo
1157 1613 1205 1676 sis
1229 1611 1412 1676 de'erteram.

238 1717 412 1805 Equidem
465 1725 506 1785 ut
562 1718 733 1784 facillime
783 1718 1028 1784 emendatione
1085 1720 1243 1803 paullum
1299 1718 1414 1782 sordes

239 1826 462 1907 rescribatur,
486 1826 727 1914 proposuerim
751 1825 975 1913 proficiscens
999 1846 1020 1891 a
1044 1824 1144 1890 Truc.
1170 1824 1236 1889 378
1259 1845 1354 1910 sqq.:

345 1933 525 2000 Diniarch.
550 1935 624 2000 Iam
640 1936 736 2001 lauta
752 1935 814 1999 es?
836 1933 1003 1999 Phrones
1021 1929 1097 1999 Iam
1106 1935 1168 2018 pol
1183 1935 1269 1999 mili
1281 1934 1414 2016 quidem

239 2051 337 2124 etque
361 2043 466 2108 oeulis
501 2044 585 2107 meis
608 2063 690 2106 cum
723 2043 785 2107 tibi
816 2042 952 2107 sordere
973 2042 1117 2107 uideor?
1144 2062 1173 2107 e.
1198 2061 1230 2126 q.
1254 2062 1280 2107 s.
1328 2039 1414 2105 Ver·

239 2148 322 2214 bum
345 2147 511 2214 sordendi
542 2152 580 2214 in
615 2148 725 2235 ipsius
748 2148 897 2214 Poenuli
928 2170 958 2214 v.
994 2147 1082 2212 1179
1116 2148 1287 2233 legimus:
1321 2148 1414 2213 haud

239 2258 375 2321 sordere
397 2258 505 2323 visust
524 2257 633 2343 festus
656 2259 739 2322 dies.

346 2362 463 2429 Aulul.
489 2362 641 2449 denique
664 2385 698 2430 v.
724 2363 788 2429 ms
813 2363 966 2449 Congrio
991 2385 1103 2447 cocus,
1134 2363 1195 2449 qni
1217 2361 1412 2450 vapulavit,

236 2470 468 2537 lamentatur:
495 2469 586 2546 Quid
610 2492 666 2558 epe
690 2493 779 2538 manc
803 2473 932 2558 epam?
958 2493 1000 2537 ne
1024 2492 1080 2557 epo
1104 2472 1221 2557 edepol
1244 2473 1320 2536 veni
1348 2472 1411 2536 lae

1135 2581 1287 2664 auspicio
1309 2579 1411 2644 malo.

431 2708 566 2753 nummo
589 2710 664 2753 sum
688 2689 893 2754 conductus:
913 2689 997 2775 ples
1019 2690 1090 2753 iam
1112 2689 1239 2753 medico
1262 2687 1411 2752 mercede
1535 2711 1537 2714 ·

1246 2815 1330 2880 opas
1354 2800 1411 2859 est.

239 2902 297 2969 Sic
340 2901 458 2988 BDV3
505 2901 566 2968 AO
605 2901 732 2969 desunt
744 2925 752 2986 ;
798 2905 978 2970 mercedest
1001 2925 1085 2989 opus
1101 2903 1189 2984 Leo;
1235 2902 1411 2968 mercedist

238 3025 321 3095 opus
346 3009 515 3095 Bothins3
537 3030 662 3077 merces
685 3020 733 3078 eet
755 3035 839 3099 opus
862 3012 890 3080 I.
915 3011 1058 3097 Ussing.
1103 3010 1272 3077 Maiorem
1305 3007 1412 3074 habet

238 3118 532 3204 probabilitatem,
566 3117 657 3205 quod
690 3117 727 3185 0.
759 3120 797 3187 F.
833 3118 889 3186 W.
927 3118 1072 3185 Mueller
1107 3117 1200 3201 (add.
1233 3116 1278 3184 ad
1314 3117 1409 3183 Pros.

239 3224 354 3292 Plant.
378 3247 411 3313 p.
440 3227 516 3307 121)
540 3226 712 3293 coniecit:
748 3248 833 3312 <pro>
867 3228 1017 3293 mercede
1039 3235 1146 3312 opust.
1155 3227 1187 3305 ²¹⁸)

329 3331 463 3411 Quibus
474 3332 560 3399 locis
572 3334 781 3400 examinatis
794 3335 824 3400 si
837 3341 932 3401 retro
947 3334 1064 3401 oculos
1076 3334 1257 3416 vertimus,
1268 3331 1324 3397 his
1337 3330 1411 3397 fere

240 3437 357 3504 verbis
382 3459 552 3506 summam
575 3441 870 3529 comprehendere
893 3462 1097 3529 possumus:
1130 3442 1335 3506 similest
1368 3444 1413 3504 et

241 3547 955 3638 quolestPlautumscripsisse
987 3570 1068 3638 pro
1101 3554 1235 3615 certo
1269 3546 1412 3613 astir-

240 3675 382 3739 mare‚
416 3676 496 3741 per
531 3652 709 3751 formae
749 3659 957 3723 similest
989 3656 1260 3742 analogiam
1295 3675 1413 3720 eun·

242 3762 339 3829 dem
377 3763 598 3830 Plautum
644 3767 866 3832 utibilest
911 3768 1203 3833 emorabilest
1236 3766 1413 3850 prosti-

242 3873 387 3939 bilest
432 3869 689 3938 admisisse
735 3872 894 3940 eadem
937 3873 1166 3958 licentia,
1213 3892 1299 3958 qua
1337 3869 1414 3937 vel

242 3999 362 4045 nova
399 3977 544 4045 verbe
582 3977 883 4047 conformare
929 3979 1117 4047 minime
1164 3977 1413 4046 dubitavit

348 4173 376 4243 *)
395 4174 495 4245 Neque
513 4173 540 4229 J.
551 4174 721 4230 Vahlenium
740 4175 812 4230 Enn.
832 4174 891 4231 Sat.
911 4177 953 4233 VI
971 4177 988 4230 6
1006 4177 1071 4233 adn.
1092 4194 1143 4247 pro
1155 4178 1250 4231 tristia
1269 4183 1319 4243 est,
1338 4176 1414 4247 quod

242 4264 379 4320 traditum
399 4267 450 4331 est,
478 4268 557 4320 recte
585 4267 696 4321 trietest
713 4266 809 4338 legere
828 4266 985 4322 concedere
1004 4284 1128 4338 possum,
1153 4266 1322 4341 praesertim
1350 4283 1413 4322 cum

245 4355 299 4413 hoe
318 4370 417 4411 versun
435 4355 504 4411 satia
523 4360 672 4428 corruptos
691 4374 753 4413 esse
771 4361 915 4429 appareat.
