3359 5117
733 466 943 529 ..48..

253 656 346 729 Novi
385 662 480 729 enim
510 662 646 750 aliquid
684 683 706 728 a
735 661 910 729 Pseudolo
950 663 1083 731 dictam
1110 661 1156 730 iri
1188 674 1425 754 expectamus,

147 803 153 809 ·
253 770 449 837 cumidem
484 771 542 836 vel
574 765 701 857 potius
726 769 884 835 eiusdem
919 771 1099 859 opprobrii
1132 794 1214 860 pars
1248 781 1427 859 sequatur,

253 876 346 964 quod
379 876 483 943 modo
518 875 727 943 andivimus.
775 876 877 954 Quod
912 877 1037 943 vitium
1072 877 1225 944 admissa
1260 881 1294 946 Ρ.
1318 879 1427 946 Bcthi

252 983 453 1050 coniectura
470 995 473 999 ’
493 983 657 1067 evitatur,
696 983 756 1068 qui
795 983 938 1071 scripsit
972 987 1164 1051 Illiciuest?
1194 1024 1235 1033 —
1267 988 1358 1053 Illic.
1384 1025 1424 1034 —

253 1093 351 1158 Μαῖα
365 1113 464 1157 meru
488 1098 544 1175 eet,
569 1093 756 1157 Pseudole:
779 1093 865 1157 illuc
888 1095 936 1157 cle
964 1094 1049 1158 vide.
1098 1092 1156 1159 Sic
1184 1095 1277 1159 enim
1309 1094 1427 1160 verbis

251 1202 346 1266 mula
377 1221 475 1265 meror
515 1208 572 1282 eat,
612 1220 701 1283 quae
732 1198 844 1263 Simia
882 1199 999 1264 subito
1039 1200 1191 1267 hominis
1231 1200 1426 1289 turpissimi

251 1314 398 1394 aspectu
425 1328 610 1393 oppressus
635 1304 878 1391 proclamavit,
901 1306 1076 1392 adquam
1100 1307 1210 1372 animi
1233 1309 1426 1374 motionem

252 1414 361 1480 etiam
384 1413 567 1479 vocativus
584 1413 749 1477 Pseudolo
764 1412 970 1477 relerendus
995 1421 1057 1496 est,
1080 1414 1173 1478 ratio
1197 1414 1349 1481 adicitur
1372 1416 1427 1500 iia,

252 1543 342 1607 quae
357 1529 543 1603 secuntur;
567 1519 605 1586 id
621 1519 714 1606 quod
730 1520 782 1584 rei
806 1531 929 1607 aptum
953 1529 1018 1587 eat.
1066 1522 1235 1588 Attamen
1259 1545 1303 1587 ne
1321 1523 1426 1589 Bothi

251 1626 393 1714 quidem
423 1626 707 1693 emendationem
742 1648 804 1714 pro
833 1636 931 1693 certo
954 1625 1086 1692 habere
1108 1650 1260 1714 possum,
1296 1630 1427 1718 qnippe

256 1757 346 1821 quae
386 1733 546 1801 codicum
581 1733 810 1800 traditionem
846 1756 972 1821 parum
1009 1735 1186 1821 respiciat.
1239 1735 1352 1803 Immo
1382 1738 1427 1803 ab

249 1845 304 1928 iis,
329 1863 419 1928 quae
443 1843 474 1907 A
513 1841 668 1930 praebet,
692 1842 917 1929 proficiscens
940 1839 1028 1908 haeo
1051 1842 1222 1927 legerim:

357 1931 552 2021 lllr‘ciueat?
594 1987 633 1997 -
671 1950 752 2015 Illic
783 1951 840 2015 eat.
875 1986 918 2000 -
949 1950 1078 2017 Malaat
1106 1972 1206 2032 mers,
1239 1953 1428 2020 Pseudolo:

1172 2060 1257 2126 illue
1279 2062 1328 2126 ala
1350 2062 1428 2127 cide

362 2171 404 2236 Ut
426 2178 649 2251 transversus,
672 2187 739 2231 rou
757 2187 942 2251 proceram
966 2167 1053 2231 cedit
1076 2168 1174 2251 qua-ri
1196 2188 1316 2233 cancer
1331 2169 1424 2235 colet.

248 2280 307 2346 Sic
320 2285 356 2344 et
368 2275 548 2343 sententia
566 2281 602 2340 et
617 2294 739 2340 versus
753 2274 840 2338 satis
857 2271 1037 2339 commoda
1055 2272 1302 2339 emendatione
1325 2275 1428 2340 resti·

249 2396 328 2452 tuta
352 2394 416 2468 est,
449 2405 529 2449 cnm
552 2380 658 2448 facile
695 2379 838 2447 evenire
873 2379 1039 2468 potuerit,
1075 2387 1116 2445 nt
1146 2381 1331 2447 vocativus
1365 2382 1427 2448 ille

250 2494 418 2559 Pseudole
442 2490 480 2556 in
503 2495 623 2555 notam
646 2508 819 2575 personae
842 2487 1020 2574 loquentis
1036 2486 1214 2554 transiret.
1261 2486 1425 2574 Denique

249 2602 376 2666 malost
397 2619 487 2664 mera
510 2596 628 2684 potius
653 2616 758 2681 quam
781 2595 877 2660 αιαῖα
899 2596 1035 2661 mercist
1057 2593 1137 2659 usui
1160 2592 1302 2660 dicendi
1324 2596 1427 2663 Plau·

250 2708 327 2773 tino
364 2703 555 2773 convenire
589 2701 645 2768 his
672 2702 760 2768 locis
797 2702 1077 2768 demonstratur:
1113 2702 1188 2770 Mil.
1222 2706 1310 2771 729:
1344 2728 1429 2791 puae

248 2817 390 2902 probast
438 2834 528 2879 mera
568 2811 642 2896 (ΑΡ
685 2810 834 2894 Nonius)
873 2813 1025 2898 pretium
1065 2813 1096 2877 αῖ
1131 2816 1262 2881 statuit.
1320 2813 1426 2880 Poen.

250 2924 338 2990 342:
378 2923 493 2988 Proba
530 2942 619 2985 merc
652 2919 740 3002 (ΑΡ)
783 2920 890 3005 facile
925 2927 1105 3005 emptorem
1142 2922 1278 3006 reperit.
1338 2920 1424 2986 Oist.

250 3029 337 3096 727:
378 3031 476 3096 Μαῖα
513 3051 603 3095 mera
627 3027 688 3113 (1³3
731 3028 763 3093 A
796 3049 831 3093 n.
871 3027 894 3095 l.
935 3049 1029 3093 meur
1068 3026 1136 3111 13²),
1170 3049 1239 3113 erc,
1278 3030 1358 3095 lmec
1397 3038 1427 3096 et

249 3140 418 3205 callidam.
465 3125 557 3205 Men.
583 3137 669 3202 758:
711 3137 752 3204 Ut
779 3144 873 3202 cetea
895 3136 1030 3220 marcu,
1064 3157 1153 3203 mera
1187 3138 1280 3202 mala
1303 3136 1423 3223 erpoat]

249 3269 338 3313 mera
364 3245 475 3326 Non.;
505 3266 604 3310 meror
630 3244 659 3309 P
687 3249 770 3326 (mer
799 3292 806 3309 .
835 3293 844 3310 .
875 3293 882 3310 .
920 3242 950 3307 B
987 3244 1234 3329 [=mercia?]);
1273 3244 1305 3310 A
1335 3266 1369 3310 n.
1402 3244 1424 3310 l.

249 3354 325 3420 Mil.
351 3351 441 3421 894:
477 3352 575 3418 Μαῖα
598 3353 722 3418 mulier
744 3373 832 3418 mers
856 3351 914 3435 eat]
949 3353 1043 3418 mula
1065 3354 1164 3418 millu
1186 3373 1258 3417 mer
1291 3359 1339 3417 eet
1363 3351 1423 3416 OD

248 3463 344 3528 mala
366 3462 492 3528 mulier
515 3469 562 3526 eat
585 3458 625 3544 B,
648 3459 680 3524 A
703 3481 737 3526 n.
762 3459 785 3525 l.
900 3491 902 3495 ⁴

308 3586 603 3677 Oopuladenique
612 3585 733 3651 eodem
743 3585 846 3652 modo
855 3585 1066 3673 interposita
1075 3585 1233 3652 eat'llrin.
1242 3585 1426 3652 24r'mmoe·

248 3705 322 3763 uest
340 3697 504 3782 faciuue;
527 3694 600 3760 Mil.
625 3693 708 3759 377:
732 3695 889 3760 mirumst
908 3695 1047 3780 fucinus
1063 3716 1126 3780 quc
1148 3694 1246 3759 modo
1270 3696 1370 3760 lruec.
1389 3742 1423 3758 ..

242 3806 357 3890 potuit
369 3824 379 3889 3
415 3804 489 3869 Mil.
524 3803 611 3868 682:
646 3825 726 3869 uum
749 3824 929 3888 procreare
962 3803 1084 3868 liberes
1109 3803 1292 3888 lepidumst
1315 3823 1420 3888 opum

248 3911 321 3978 Mil.
345 3910 432 3978 915:
457 3913 516 3979 ubi
533 3913 663 3997 produc
686 3920 733 3977 eat
757 3911 960 3977 architectus
971 3933 985 3993 ,·
1016 3907 1060 3976 cf.
1087 3908 1158 3977 Mil.
1184 3909 1249 3975 rm
1274 3913 1418 3997 (suprat

354 4036 445 4108 Item
478 4029 652 4102 fluctuant
687 4033 824 4102 codices
860 4034 933 4102 Mil.
967 4033 1043 4118 997,
1088 4034 1149 4099 ubi
1185 4032 1421 4122 Milphidippa

248 4144 291 4212 de
306 4144 547 4211 Acroteleutio
577 4144 726 4227 domina,
750 4164 840 4229 quae
864 4143 1011 4230 gloriosi
1034 4142 1174 4209 domum
1190 4142 1261 4208 iarn
1287 4145 1421 4209 intrare

247 4253 333 4334 vult,
357 4236 535 4339 loquitur(
571 4251 721 4339 Scripsit
743 4251 827 4336 Leo,
863 4252 933 4336 qni,
968 4272 1058 4337 qnae
1092 4250 1230 4316 codices
1254 4252 1300 4332 (A
1325 4273 1358 4316 n.
1383 4249 1422 4328 l.)

247 4345 404 4443 tradunt,
427 4381 531 4446 quam
553 4359 671 4447 potuit
694 4359 846 4425 maxima
870 4358 1049 4426 servavit:
